Time,Date,Name,Age,Exchanges,Markets,All_Time_High,Circulating_Supply,Total_Supply,Max_Supply,Rate,Volume,Cap,Liquidity,Delta_Hour_Change,Delta_Day_Change,Delta_Week_Change,Delta_Month_Change,Delta_Quarter_Change,Delta_Year_Change,Hour,Day,Month_Number,Month_Name,Year
16:04:58,2024-06-05,Bitcoin,5632,194,3040,73781.24185982272,19707975,19707975,21000000,71227.70913,26617966615,1.40375E+12,1444763466,1.0011,1.0115,1.057,1.1264,1.0546,2.6231,16,5,6,June,2024
16:06:48,2024-06-05,Bitcoin,5632,194,3040,73781.24185982272,19707975,19707975,21000000,71286.02664829144,26625877846,1.4049E+12,1398611544,1.0017,1.0129,1.0579,1.1282,1.0532,2.6255,16,5,6,June,2024
16:07:15,2024-06-05,Bitcoin,5632,194,3040,73781.24185982272,19707975,19707975,21000000,71288.89357413833,26639287567,1.40496E+12,1437546847,1.0018,1.0129,1.0579,1.1282,1.0533,2.6257,16,5,6,June,2024
16:07:36,2024-06-05,Bitcoin,5632,194,3040,73781.24185982272,19707975,19707975,21000000,71306.73436530038,26647006325,1.40531E+12,1438464148,1.002,1.0132,1.0582,1.1285,1.0535,2.6263,16,5,6,June,2024
16:07:57,2024-06-05,Bitcoin,5632,194,3040,73781.24185982272,19707975,19707975,21000000,71307.29175,26639984246,1.40532E+12,1417823931,1.002,1.0132,1.0582,1.1285,1.0535,2.6263,16,5,6,June,2024
16:08:18,2024-06-05,Bitcoin,5632,194,3040,73781.24185982272,19707975,19707975,21000000,71307.29179818464,26632691205,1.40532E+12,1419113014,1.002,1.0132,1.0582,1.1285,1.0535,2.6263,16,5,6,June,2024
16:08:39,2024-06-05,Bitcoin,5632,194,3040,73781.24185982272,19707975,19707975,21000000,71313.00670553716,26634995614,1.40543E+12,1422941026,1.0021,1.0133,1.0583,1.1286,1.0536,2.6265,16,5,6,June,2024
16:09:00,2024-06-05,Bitcoin,5632,194,3040,73781.24185982272,19707975,19707975,21000000,71324.59711775203,26639662211,1.40566E+12,1424423920,1.0023,1.0134,1.0584,1.1288,1.0538,2.627,16,5,6,June,2024
16:09:24,2024-06-05,Bitcoin,5632,194,3040,73781.24185982272,19707975,19707975,21000000,71328.54315644484,26630846638,1.40574E+12,1427261172,1.0023,1.0135,1.0585,1.1289,1.0538,2.6271,16,5,6,June,2024
16:09:45,2024-06-05,Bitcoin,5632,194,3040,73781.24185982272,19707975,19707975,21000000,71348.75673916715,26640364868,1.40614E+12,1442800938,1.0026,1.0138,1.0588,1.1292,1.0541,2.6279,16,5,6,June,2024
16:10:15,2024-06-05,Bitcoin,5632,194,3040,73781.24185982272,19707975,19707975,21000000,71349.60881881764,26640024063,1.40616E+12,1444807307,1.0026,1.0138,1.0588,1.1292,1.0542,2.6279,16,5,6,June,2024
16:10:35,2024-06-05,Bitcoin,5632,194,3041,73781.24185982272,19707975,19707975,21000000,71321.37945360619,26630079686,1.4056E+12,1448616002,1.004,1.0145,1.0592,1.1301,1.0544,2.6265,16,5,6,June,2024
16:10:57,2024-06-05,Bitcoin,5632,194,3041,73781.24185982272,19707975,19707975,21000000,71317.70916696721,26631403219,1.40553E+12,1446054081,1.004,1.0144,1.0592,1.1301,1.0544,2.6263,16,5,6,June,2024
16:11:17,2024-06-05,Bitcoin,5632,194,3041,73781.24185982272,19707975,19707975,21000000,71317.74908932568,26621700862,1.40553E+12,1431680002,1.004,1.0144,1.0592,1.1301,1.0544,2.6263,16,5,6,June,2024
16:11:39,2024-06-05,Bitcoin,5632,194,3041,73781.24185982272,19707975,19707975,21000000,71309.85830876371,26617688803,1.40537E+12,1429726488,1.0039,1.0143,1.059,1.13,1.0543,2.626,16,5,6,June,2024
16:12:00,2024-06-05,Bitcoin,5632,194,3041,73781.24185982272,19707975,19707975,21000000,71310.16037000985,26614048698,1.40538E+12,1429419890,1.0039,1.0143,1.059,1.13,1.0543,2.626,16,5,6,June,2024
16:12:21,2024-06-05,Bitcoin,5632,194,3041,73781.24185982272,19707975,19707975,21000000,71306.35721638695,26630950440,1.4053E+12,1433689919,1.0038,1.0142,1.059,1.1299,1.0542,2.6259,16,5,6,June,2024
16:12:42,2024-06-05,Bitcoin,5632,194,3041,73781.24185982272,19707975,19707975,21000000,71316.25662851127,26637811071,1.4055E+12,1433050800,1.004,1.0144,1.0591,1.1301,1.0543,2.6263,16,5,6,June,2024
16:13:11,2024-06-05,Bitcoin,5632,194,3041,73781.24185982272,19707975,19707975,21000000,71316.19025591688,26634554822,1.4055E+12,1432415339,1.004,1.0144,1.0591,1.1301,1.0543,2.6263,16,5,6,June,2024
16:20:58,2024-06-05,Bitcoin,5632,194,3040,73781.24185982272,19707975,19707975,21000000,71341.37445705503,26661887645,1.40599E+12,1413637865,1.0052,1.0145,1.0593,1.1279,1.0546,2.6237,16,5,6,June,2024
16:21:18,2024-06-05,Bitcoin,5632,194,3040,73781.24185982272,19707975,19707975,21000000,71347.72376039621,26661407967,1.40612E+12,1422999882,1.0053,1.0146,1.0594,1.128,1.0547,2.624,16,5,6,June,2024
16:21:39,2024-06-05,Bitcoin,5632,194,3040,73781.24185982272,19707975,19707975,21000000,71343.59847,26660246958,1.40604E+12,1436409825,1.0053,1.0145,1.0594,1.128,1.0546,2.6238,16,5,6,June,2024
16:21:59,2024-06-05,Bitcoin,5632,194,3040,73781.24185982272,19707975,19707975,21000000,71342.58849654115,26657788215,1.40602E+12,1438695690,1.0053,1.0145,1.0594,1.128,1.0546,2.6238,16,5,6,June,2024
16:22:20,2024-06-05,Bitcoin,5632,194,3040,73781.24185982272,19707975,19707975,21000000,71342.58849654115,26657788215,1.40602E+12,1438695690,1.0053,1.0145,1.0594,1.128,1.0546,2.6238,16,5,6,June,2024
16:22:41,2024-06-05,Bitcoin,5632,194,3039,73781.24185982272,19707975,19707975,21000000,71334.97417605516,26654830943,1.40587E+12,1437407917,1.0051,1.0144,1.0592,1.1278,1.0545,2.6235,16,5,6,June,2024
16:23:07,2024-06-05,Bitcoin,5632,194,3039,73781.24185982272,19707975,19707975,21000000,71334.97393615267,26649692811,1.40587E+12,1432202076,1.0051,1.0144,1.0592,1.1278,1.0545,2.6235,16,5,6,June,2024
16:23:28,2024-06-05,Bitcoin,5632,194,3039,73781.24185982272,19707975,19707975,21000000,71334.43100673422,26643824135,1.40586E+12,1422541382,1.0051,1.0144,1.0592,1.1278,1.0545,2.6235,16,5,6,June,2024
16:23:49,2024-06-05,Bitcoin,5632,194,3039,73781.24185982272,19707975,19707975,21000000,71332.37714777917,26650180410,1.40582E+12,1422140470,1.0051,1.0144,1.0592,1.1278,1.0544,2.6234,16,5,6,June,2024
16:24:09,2024-06-05,Bitcoin,5632,194,3039,73781.24185982272,19707975,19707975,21000000,71327.72442800553,26644361562,1.40573E+12,1430731638,1.005,1.0143,1.0591,1.1277,1.0544,2.6232,16,5,6,June,2024
16:24:30,2024-06-05,Bitcoin,5632,194,3039,73781.24185982272,19707975,19707975,21000000,71334.20350132206,26671356922,1.40585E+12,1429665058,1.0051,1.0144,1.0592,1.1278,1.0545,2.6235,16,5,6,June,2024
16:24:50,2024-06-05,Bitcoin,5632,194,3039,73781.24185982272,19707975,19707975,21000000,71346.24181163583,26679356354,1.40609E+12,1428301253,1.0053,1.0146,1.0594,1.128,1.0546,2.6239,16,5,6,June,2024
16:25:11,2024-06-05,Bitcoin,5632,194,3039,73781.24185982272,19707975,19707975,21000000,71346.71234392787,26677110475,1.4061E+12,1429022702,1.0053,1.0146,1.0594,1.128,1.0546,2.6239,16,5,6,June,2024
16:25:32,2024-06-05,Bitcoin,5632,194,3039,73781.24185982272,19707975,19707975,21000000,71352.69057448146,26677340418,1.40622E+12,1421912329,1.0054,1.0147,1.0595,1.1281,1.0547,2.6242,16,5,6,June,2024
16:25:52,2024-06-05,Bitcoin,5632,194,3038,73781.24185982272,19707975,19707975,21000000,71356.73213473235,26680384584,1.4063E+12,1427122264,1.0045,1.0156,1.0595,1.127,1.0535,2.6428,16,5,6,June,2024
16:26:13,2024-06-05,Bitcoin,5632,194,3038,73781.24185982272,19707975,19707975,21000000,71356.82724,26676771587,1.4063E+12,1424179812,1.0045,1.0156,1.0595,1.127,1.0535,2.6428,16,5,6,June,2024
16:26:33,2024-06-05,Bitcoin,5632,194,3038,73781.24185982272,19707975,19707975,21000000,71355.90609,26671901016,1.40628E+12,1429674887,1.0045,1.0156,1.0595,1.127,1.0535,2.6427,16,5,6,June,2024
16:26:54,2024-06-05,Bitcoin,5632,194,3038,73781.24185982272,19707975,19707975,21000000,71373.60383016833,26682199837,1.40663E+12,1427206614,1.0048,1.0159,1.0598,1.1272,1.0538,2.6434,16,5,6,June,2024
16:27:14,2024-06-05,Bitcoin,5632,194,3038,73781.24185982272,19707975,19707975,21000000,71373.74414938207,26679865428,1.40663E+12,1430657157,1.0048,1.0159,1.0598,1.1272,1.0538,2.6434,16,5,6,June,2024
16:27:35,2024-06-05,Bitcoin,5632,194,3038,73781.24185982272,19707975,19707975,21000000,71378.24490816581,26687087783,1.40672E+12,1429358348,1.0048,1.016,1.0598,1.1273,1.0538,2.6436,16,5,6,June,2024
16:27:55,2024-06-05,Bitcoin,5632,194,3038,73781.24185982272,19707975,19707975,21000000,71373.69496203806,26682826878,1.40663E+12,1426593709,1.0048,1.0159,1.0598,1.1272,1.0538,2.6434,16,5,6,June,2024
16:28:16,2024-06-05,Bitcoin,5632,194,3038,73781.24185982272,19707975,19707975,21000000,71373.72908753627,26680199835,1.40663E+12,1427919284,1.0048,1.0159,1.0598,1.1272,1.0538,2.6434,16,5,6,June,2024
16:28:36,2024-06-05,Bitcoin,5632,194,3038,73781.24185982272,19707975,19707975,21000000,71363.66776814152,26673767804,1.40643E+12,1430039227,1.0046,1.0157,1.0596,1.1271,1.0536,2.643,16,5,6,June,2024
16:28:57,2024-06-05,Bitcoin,5632,194,3038,73781.24185982272,19707975,19707975,21000000,71361.86151784772,26674164562,1.4064E+12,1426202980,1.0046,1.0157,1.0596,1.1271,1.0536,2.643,16,5,6,June,2024
16:29:22,2024-06-05,Bitcoin,5632,194,3038,73781.24185982272,19707975,19707975,21000000,71362.00187439681,26666903045,1.4064E+12,1431377832,1.0046,1.0157,1.0596,1.1271,1.0536,2.643,16,5,6,June,2024
16:29:43,2024-06-05,Bitcoin,5632,194,3039,73781.24185982272,19707975,19707975,21000000,71349.69937,26668663569,1.40616E+12,1433090477,1.0044,1.0155,1.0594,1.1269,1.0534,2.6425,16,5,6,June,2024
16:30:17,2024-06-05,Bitcoin,5632,194,3039,73781.24185982272,19707975,19707975,21000000,71343.16002178834,26660543915,1.40603E+12,1432217574,1.0055,1.0148,1.0595,1.126,1.0507,2.6393,16,5,6,June,2024
16:30:38,2024-06-05,Bitcoin,5632,194,3040,73781.24185982272,19707975,19707975,21000000,71331.88526662174,26657580366,1.40581E+12,1435763845,1.0054,1.0147,1.0594,1.1258,1.0505,2.6389,16,5,6,June,2024
16:30:58,2024-06-05,Bitcoin,5632,194,3040,73781.24185982272,19707975,19707975,21000000,71331.74394195901,26657620556,1.4058E+12,1437402819,1.0054,1.0147,1.0594,1.1258,1.0505,2.6389,16,5,6,June,2024
16:31:21,2024-06-05,Bitcoin,5632,194,3040,73781.24185982272,19707975,19707975,21000000,71324.31688010854,26646212311,1.40566E+12,1444325526,1.0052,1.0145,1.0593,1.1257,1.0504,2.6386,16,5,6,June,2024
16:31:43,2024-06-05,Bitcoin,5632,194,3040,73781.24185982272,19707975,19707975,21000000,71283.05972748902,26634848185,1.40484E+12,1449318039,1.0047,1.014,1.0587,1.125,1.0498,2.6371,16,5,6,June,2024
16:32:05,2024-06-05,Bitcoin,5632,194,3040,73781.24185982272,19707975,19707975,21000000,71282.92539241079,26629773198,1.40484E+12,1447686557,1.0047,1.014,1.0587,1.125,1.0498,2.6371,16,5,6,June,2024
16:32:26,2024-06-05,Bitcoin,5632,194,3040,73781.24185982272,19707975,19707975,21000000,71281.65085127456,26646821731,1.40482E+12,1448888432,1.0046,1.0139,1.0586,1.125,1.0498,2.637,16,5,6,June,2024
16:32:52,2024-06-05,Bitcoin,5632,194,3040,73781.24185982272,19707975,19707975,21000000,71279.78888470556,26646045992,1.40478E+12,1449181241,1.0046,1.0139,1.0586,1.125,1.0498,2.6369,16,5,6,June,2024
16:33:12,2024-06-05,Bitcoin,5632,194,3040,73781.24185982272,19707975,19707975,21000000,71279.67327335107,26642112107,1.40478E+12,1445215468,1.0046,1.0139,1.0586,1.125,1.0498,2.6369,16,5,6,June,2024
16:33:33,2024-06-05,Bitcoin,5632,194,3040,73781.24185982272,19707975,19707975,21000000,71280.00324513763,26639851331,1.40478E+12,1439127659,1.0046,1.0139,1.0586,1.125,1.0498,2.637,16,5,6,June,2024
16:33:58,2024-06-05,Bitcoin,5632,194,3040,73781.24185982272,19707975,19707975,21000000,71285.54398697348,26637951255,1.40489E+12,1446491429,1.0047,1.014,1.0587,1.1251,1.0498,2.6372,16,5,6,June,2024
16:34:20,2024-06-05,Bitcoin,5632,194,3040,73781.24185982272,19707975,19707975,21000000,71285.63337,26633725930,1.4049E+12,1446824417,1.0047,1.014,1.0587,1.1251,1.0498,2.6372,16,5,6,June,2024
16:34:41,2024-06-05,Bitcoin,5632,194,3040,73781.24185982272,19707975,19707975,21000000,71283.29612117444,26631550208,1.40485E+12,1448642802,1.0047,1.014,1.0587,1.125,1.0498,2.6371,16,5,6,June,2024
16:35:01,2024-06-05,Bitcoin,5632,194,3040,73781.24185982272,19707975,19707975,21000000,71281.87558858524,26636687368,1.40482E+12,1445196244,1.0046,1.0139,1.0586,1.125,1.0498,2.637,16,5,6,June,2024
16:35:22,2024-06-05,Bitcoin,5632,194,3040,73781.24185982272,19707975,19707975,21000000,71281.56022146507,26630721312,1.40482E+12,1434050705,1.0046,1.0139,1.0586,1.125,1.0498,2.637,16,5,6,June,2024
16:35:42,2024-06-05,Bitcoin,5632,194,3040,73781.24185982272,19707975,19707975,21000000,71281.56023986374,26626983867,1.40482E+12,1434046286,1.0046,1.0139,1.0586,1.125,1.0498,2.637,16,5,6,June,2024
16:36:05,2024-06-05,Bitcoin,5632,194,3040,73781.24185982272,19707975,19707975,21000000,71289.40203,26631820811,1.40497E+12,1431831572,1.0048,1.0141,1.0587,1.1251,1.0499,2.6373,16,5,6,June,2024
16:36:26,2024-06-05,Bitcoin,5632,194,3040,73781.24185982272,19707975,19707975,21000000,71287.94421844288,26623257659,1.40494E+12,1439135640,1.0042,1.0131,1.0575,1.1247,1.0494,2.6368,16,5,6,June,2024
16:36:49,2024-06-05,Bitcoin,5632,194,3040,73781.24185982272,19707975,19707975,21000000,71298.46281322117,26628310616,1.40515E+12,1439367595,1.0043,1.0133,1.0576,1.1249,1.0496,2.6372,16,5,6,June,2024
16:37:10,2024-06-05,Bitcoin,5632,194,3040,73781.24185982272,19707975,19707975,21000000,71299.33404559299,26628046124,1.40517E+12,1445348030,1.0044,1.0133,1.0576,1.1249,1.0496,2.6372,16,5,6,June,2024
16:37:31,2024-06-05,Bitcoin,5632,194,3040,73781.24185982272,19707975,19707975,21000000,71299.26317608076,26638464622,1.40516E+12,1467278694,1.0044,1.0133,1.0576,1.1249,1.0496,2.6372,16,5,6,June,2024
16:37:51,2024-06-05,Bitcoin,5632,194,3040,73781.24185982272,19707975,19707975,21000000,71297.87142559323,26640424679,1.40514E+12,1468412049,1.0043,1.0133,1.0576,1.1248,1.0496,2.6371,16,5,6,June,2024
16:38:12,2024-06-05,Bitcoin,5632,194,3040,73781.24185982272,19707975,19707975,21000000,71297.63116114552,26636557184,1.40513E+12,1468058897,1.0043,1.0133,1.0576,1.1248,1.0496,2.6371,16,5,6,June,2024
16:38:33,2024-06-05,Bitcoin,5632,194,3040,73781.24185982272,19707975,19707975,21000000,71297.64318747837,26630825898,1.40513E+12,1468869384,1.0043,1.0133,1.0576,1.1248,1.0496,2.6371,16,5,6,June,2024
16:38:53,2024-06-05,Bitcoin,5632,194,3040,73781.24185982272,19707975,19707975,21000000,71294.45114939917,26632019926,1.40507E+12,1457385847,1.0043,1.0132,1.0576,1.1248,1.0495,2.637,16,5,6,June,2024
16:39:14,2024-06-05,Bitcoin,5632,194,3040,73781.24185982272,19707975,19707975,21000000,71294.43230662028,26627904469,1.40507E+12,1454372679,1.0043,1.0132,1.0576,1.1248,1.0495,2.637,16,5,6,June,2024
16:39:34,2024-06-05,Bitcoin,5632,194,3040,73781.24185982272,19707975,19707975,21000000,71293.11979896702,26621679694,1.40504E+12,1451379270,1.0043,1.0132,1.0575,1.1248,1.0495,2.637,16,5,6,June,2024
16:39:55,2024-06-05,Bitcoin,5632,194,3040,73781.24185982272,19707975,19707975,21000000,71293.71597682014,26626180615,1.40505E+12,1449025134,1.0043,1.0132,1.0575,1.1248,1.0495,2.637,16,5,6,June,2024
16:40:19,2024-06-05,Bitcoin,5632,194,3040,73781.24185982272,19707975,19707975,21000000,71290.81435511768,26621077693,1.405E+12,1445618884,1.0042,1.0132,1.0575,1.1247,1.0495,2.6369,16,5,6,June,2024
16:40:40,2024-06-05,Bitcoin,5632,194,3040,73781.24185982272,19707975,19707975,21000000,71289.72842142709,26616214173,1.40498E+12,1445256223,1.0028,1.0135,1.0569,1.1247,1.0514,2.6382,16,5,6,June,2024
16:41:00,2024-06-05,Bitcoin,5632,194,3040,73781.24185982272,19707975,19707975,21000000,71281.61320358793,26614763068,1.40482E+12,1443834762,1.0027,1.0134,1.0568,1.1246,1.0513,2.6379,16,5,6,June,2024
16:41:23,2024-06-05,Bitcoin,5632,194,3040,73781.24185982272,19707975,19707975,21000000,71280.57559703983,26610189151,1.4048E+12,1435179240,1.0026,1.0134,1.0567,1.1246,1.0512,2.6379,16,5,6,June,2024
16:41:43,2024-06-05,Bitcoin,5632,194,3041,73781.24185982272,19707975,19707975,21000000,71268.51229395831,26601912902,1.40456E+12,1437049551,1.0025,1.0132,1.0566,1.1244,1.0511,2.6374,16,5,6,June,2024
16:42:08,2024-06-05,Bitcoin,5632,194,3041,73781.24185982272,19707975,19707975,21000000,71267.52445124922,26603263105,1.40454E+12,1445743866,1.0025,1.0132,1.0565,1.1244,1.051,2.6374,16,5,6,June,2024
16:42:29,2024-06-05,Bitcoin,5632,194,3041,73781.24185982272,19707975,19707975,21000000,71264.06949142311,26599685323,1.40447E+12,1443102114,1.0024,1.0131,1.0565,1.1243,1.051,2.6373,16,5,6,June,2024
16:42:49,2024-06-05,Bitcoin,5632,194,3041,73781.24185982272,19707975,19707975,21000000,71261.53129545628,26622981879,1.40442E+12,1443606842,1.0024,1.0131,1.0565,1.1243,1.051,2.6372,16,5,6,June,2024
16:43:10,2024-06-05,Bitcoin,5632,194,3041,73781.24185982272,19707975,19707975,21000000,71262.86680301004,26627015422,1.40445E+12,1441128945,1.0024,1.0131,1.0565,1.1243,1.051,2.6372,16,5,6,June,2024
16:43:30,2024-06-05,Bitcoin,5632,194,3041,73781.24185982272,19707975,19707975,21000000,71262.86047999593,26618932730,1.40445E+12,1441975795,1.0024,1.0131,1.0565,1.1243,1.051,2.6372,16,5,6,June,2024
16:43:51,2024-06-05,Bitcoin,5632,194,3041,73781.24185982272,19707975,19707975,21000000,71262.00605246956,26622034107,1.40443E+12,1442602912,1.0024,1.0131,1.0565,1.1243,1.051,2.6372,16,5,6,June,2024
16:44:12,2024-06-05,Bitcoin,5632,194,3041,73781.24185982272,19707975,19707975,21000000,71264.18674735805,26622050027,1.40447E+12,1447418936,1.0024,1.0131,1.0565,1.1243,1.051,2.6373,16,5,6,June,2024
16:44:32,2024-06-05,Bitcoin,5632,194,3041,73781.24185982272,19707975,19707975,21000000,71264.17663,26616024138,1.40447E+12,1448361342,1.0024,1.0131,1.0565,1.1243,1.051,2.6373,16,5,6,June,2024
16:44:53,2024-06-05,Bitcoin,5632,194,3041,73781.24185982272,19707975,19707975,21000000,71273.86519613313,26622328180,1.40466E+12,1449148638,1.0026,1.0133,1.0566,1.1245,1.0511,2.6376,16,5,6,June,2024
16:45:14,2024-06-05,Bitcoin,5632,194,3041,73781.24185982272,19707975,19707975,21000000,71274.24729388619,26621041123,1.40467E+12,1443167901,1.0026,1.0133,1.0566,1.1245,1.0511,2.6376,16,5,6,June,2024
16:45:34,2024-06-05,Bitcoin,5632,194,3040,73781.24185982272,19707975,19707975,21000000,71275.52169,26620431659,1.4047E+12,1444786220,1.0026,1.0133,1.0567,1.1245,1.0512,2.6377,16,5,6,June,2024
16:45:55,2024-06-05,Bitcoin,5632,194,3040,73781.24185982272,19707975,19707975,21000000,71274.99034966773,26618412718,1.40469E+12,1445783823,1.0013,1.0131,1.0564,1.1238,1.0509,2.6425,16,5,6,June,2024
16:46:16,2024-06-05,Bitcoin,5632,194,3040,73781.24185982272,19707975,19707975,21000000,71275.56080104849,26617425206,1.4047E+12,1447439141,1.0013,1.0131,1.0564,1.1238,1.0509,2.6425,16,5,6,June,2024
16:46:37,2024-06-05,Bitcoin,5632,194,3040,73781.24185982272,19707975,19707975,21000000,71273.97206222116,26606738933,1.40467E+12,1446442625,1.0013,1.0131,1.0564,1.1238,1.0509,2.6425,16,5,6,June,2024
16:46:57,2024-06-05,Bitcoin,5632,194,3040,73781.24185982272,19707975,19707975,21000000,71263.50967013297,26604523001,1.40446E+12,1450355185,1.0012,1.013,1.0562,1.1236,1.0508,2.6421,16,5,6,June,2024
16:47:18,2024-06-05,Bitcoin,5632,194,3040,73781.24185982272,19707975,19707975,21000000,71263.61366681206,26597042788,1.40446E+12,1451782269,1.0012,1.013,1.0562,1.1236,1.0508,2.6421,16,5,6,June,2024
16:47:39,2024-06-05,Bitcoin,5632,194,3040,73781.24185982272,19707975,19707975,21000000,71265.80011011667,26615052143,1.4045E+12,1452226341,1.0012,1.013,1.0563,1.1236,1.0508,2.6422,16,5,6,June,2024
16:47:59,2024-06-05,Bitcoin,5632,194,3040,73781.24185982272,19707975,19707975,21000000,71266.60125027181,26615065051,1.40452E+12,1452172951,1.0012,1.013,1.0563,1.1237,1.0508,2.6422,16,5,6,June,2024
16:48:20,2024-06-05,Bitcoin,5632,194,3040,73781.24185982272,19707975,19707975,21000000,71270.47914806049,26611055730,1.4046E+12,1437375445,1.0013,1.0131,1.0563,1.1237,1.0509,2.6424,16,5,6,June,2024
16:48:41,2024-06-05,Bitcoin,5632,194,3040,73781.24185982272,19707975,19707975,21000000,71265.02516544114,26607335610,1.40449E+12,1436149418,1.0012,1.013,1.0563,1.1236,1.0508,2.6422,16,5,6,June,2024
16:49:01,2024-06-05,Bitcoin,5632,194,3040,73781.24185982272,19707975,19707975,21000000,71253.32789080618,26608462148,1.40426E+12,1446522557,1.001,1.0128,1.0561,1.1234,1.0506,2.6417,16,5,6,June,2024
16:49:26,2024-06-05,Bitcoin,5632,194,3038,73781.24185982272,19707975,19707975,21000000,71253.41401,26601201808,1.40426E+12,1459050605,1.001,1.0128,1.0561,1.1235,1.0506,2.6417,16,5,6,June,2024
16:49:47,2024-06-05,Bitcoin,5632,194,3038,73781.24185982272,19707975,19707975,21000000,71258.13657758811,26599999437,1.40435E+12,1460952143,1.0011,1.0129,1.0562,1.1235,1.0507,2.6419,16,5,6,June,2024
16:50:07,2024-06-05,Bitcoin,5632,194,3038,73781.24185982272,19707975,19707975,21000000,71256.26233983747,26607312230,1.40432E+12,1456653248,1.0011,1.0129,1.0561,1.1235,1.0507,2.6418,16,5,6,June,2024
16:50:29,2024-06-05,Bitcoin,5632,194,3038,73781.24185982272,19707975,19707975,21000000,71256.19669595147,26603301358,1.40432E+12,1448933009,1.0011,1.0129,1.0561,1.1235,1.0507,2.6418,16,5,6,June,2024
16:50:50,2024-06-05,Bitcoin,5632,194,3038,73781.24185982272,19707975,19707975,21000000,71274.65978351996,26618014241,1.40468E+12,1446394440,1.0013,1.0131,1.0564,1.1238,1.0509,2.6425,16,5,6,June,2024
16:51:10,2024-06-05,Bitcoin,5632,194,3038,73781.24185982272,19707975,19707975,21000000,71274.65978351996,26618014241,1.40468E+12,1446394440,1.0013,1.0131,1.0564,1.1238,1.0509,2.6425,16,5,6,June,2024
16:51:31,2024-06-05,Bitcoin,5632,194,3038,73781.24185982272,19707975,19707975,21000000,71271.05594040916,26607178455,1.40461E+12,1450266607,1.0002,1.0116,1.0559,1.1247,1.0491,2.6388,16,5,6,June,2024
16:51:57,2024-06-05,Bitcoin,5632,194,3038,73781.24185982272,19707975,19707975,21000000,71268.42035300238,26607188615,1.40456E+12,1447398537,1.0002,1.0115,1.0558,1.1246,1.049,2.6387,16,5,6,June,2024
16:52:18,2024-06-05,Bitcoin,5632,194,3038,73781.24185982272,19707975,19707975,21000000,71268.41886590552,26602229857,1.40456E+12,1444377854,1.0002,1.0115,1.0558,1.1246,1.049,2.6387,16,5,6,June,2024
16:52:38,2024-06-05,Bitcoin,5632,194,3038,73781.24185982272,19707975,19707975,21000000,71276.84718697875,26627183566,1.40472E+12,1443750729,1.0003,1.0117,1.0559,1.1248,1.0491,2.6391,16,5,6,June,2024
16:52:59,2024-06-05,Bitcoin,5632,194,3038,73781.24185982272,19707975,19707975,21000000,71291.17928729631,26631060124,1.405E+12,1444667506,1.0005,1.0119,1.0561,1.125,1.0494,2.6396,16,5,6,June,2024
16:53:19,2024-06-05,Bitcoin,5632,194,3038,73781.24185982272,19707975,19707975,21000000,71292.06833463818,26626391844,1.40502E+12,1445867649,1.0005,1.0119,1.0562,1.125,1.0494,2.6396,16,5,6,June,2024
16:53:44,2024-06-05,Bitcoin,5632,194,3038,73781.24185982272,19707975,19707975,21000000,71291.57404614586,26622970361,1.40501E+12,1442008911,1.0005,1.0119,1.0562,1.125,1.0494,2.6396,16,5,6,June,2024
16:54:08,2024-06-05,Bitcoin,5632,194,3038,73781.24185982272,19707975,19707975,21000000,71291.50128186808,26617841657,1.40501E+12,1441727306,1.0005,1.0119,1.0562,1.125,1.0494,2.6396,16,5,6,June,2024
16:54:28,2024-06-05,Bitcoin,5632,194,3038,73781.24185982272,19707975,19707975,21000000,71290.9773,26607483782,1.405E+12,1447423706,1.0005,1.0119,1.0561,1.125,1.0494,2.6396,16,5,6,June,2024
16:54:49,2024-06-05,Bitcoin,5632,194,3038,73781.24185982272,19707975,19707975,21000000,71267.63402621335,26597599065,1.40454E+12,1445714622,1.0002,1.0115,1.0558,1.1246,1.049,2.6387,16,5,6,June,2024
16:55:09,2024-06-05,Bitcoin,5632,194,3038,73781.24185982272,19707975,19707975,21000000,71267.61662621779,26591945816,1.40454E+12,1441819129,1.0002,1.0115,1.0558,1.1246,1.049,2.6387,16,5,6,June,2024
16:55:30,2024-06-05,Bitcoin,5632,194,3038,73781.24185982272,19707975,19707975,21000000,71267.74423105466,26587643249,1.40454E+12,1442349185,1.0002,1.0115,1.0558,1.1246,1.049,2.6387,16,5,6,June,2024
16:55:50,2024-06-05,Bitcoin,5632,194,3038,73781.24185982272,19707975,19707975,21000000,71269.14764889632,26585596854,1.40457E+12,1440413191,1.0002,1.0115,1.0558,1.1246,1.049,2.6388,16,5,6,June,2024
16:56:12,2024-06-05,Bitcoin,5632,194,3038,73781.24185982272,19707975,19707975,21000000,71279.07022373553,26594438585,1.40477E+12,1442649716,0.9989,1.0103,1.0563,1.1249,1.0529,2.6396,16,5,6,June,2024
16:56:33,2024-06-05,Bitcoin,5632,194,3037,73781.24185982272,19707975,19707975,21000000,71280.72267958046,26585308767,1.4048E+12,1441462334,0.9989,1.0103,1.0563,1.1249,1.0529,2.6396,16,5,6,June,2024
16:56:54,2024-06-05,Bitcoin,5632,194,3037,73781.24185982272,19707975,19707975,21000000,71274.35494041731,26588718605,1.40467E+12,1447023687,0.9988,1.0102,1.0562,1.1248,1.0528,2.6394,16,5,6,June,2024
16:57:18,2024-06-05,Bitcoin,5632,194,3037,73781.24185982272,19707975,19707975,21000000,71273.61426023197,26583227819,1.40466E+12,1428980606,0.9988,1.0102,1.0562,1.1248,1.0528,2.6394,16,5,6,June,2024
16:57:39,2024-06-05,Bitcoin,5632,194,3037,73781.24185982272,19707975,19707975,21000000,71271.67245691794,26594654240,1.40462E+12,1426093382,0.9988,1.0102,1.0562,1.1247,1.0528,2.6393,16,5,6,June,2024
16:57:59,2024-06-05,Bitcoin,5632,194,3037,73781.24185982272,19707975,19707975,21000000,71253.09481070335,26597142494,1.40425E+12,1425056749,0.9985,1.0099,1.0559,1.1244,1.0525,2.6386,16,5,6,June,2024
16:58:20,2024-06-05,Bitcoin,5632,194,3037,73781.24185982272,19707975,19707975,21000000,71252.84780377377,26592660015,1.40425E+12,1427563774,0.9985,1.0099,1.0559,1.1244,1.0525,2.6386,16,5,6,June,2024
16:58:41,2024-06-05,Bitcoin,5632,194,3037,73781.24185982272,19707975,19707975,21000000,71252.87356967584,26590277178,1.40425E+12,1424072063,0.9985,1.0099,1.0559,1.1244,1.0525,2.6386,16,5,6,June,2024
16:59:02,2024-06-05,Bitcoin,5632,194,3037,73781.24185982272,19707975,19707975,21000000,71258.34760113915,26591824532,1.40436E+12,1421592150,0.9986,1.01,1.056,1.1245,1.0526,2.6388,16,5,6,June,2024
16:59:23,2024-06-05,Bitcoin,5632,194,3037,73781.24185982272,19707975,19707975,21000000,71258.23858,26592889829,1.40436E+12,1431257552,0.9986,1.01,1.056,1.1245,1.0526,2.6388,16,5,6,June,2024
16:59:44,2024-06-05,Bitcoin,5632,194,3038,73781.24185982272,19707975,19707975,21000000,71260.03809405804,26590884707,1.40439E+12,1430314424,0.9986,1.01,1.056,1.1246,1.0526,2.6388,16,5,6,June,2024
17:00:08,2024-06-05,Bitcoin,5632,194,3038,73781.24185982272,19707975,19707975,21000000,71259.23550600754,26593729548,1.40438E+12,1428813709,0.9986,1.01,1.056,1.1245,1.0526,2.6388,17,5,6,June,2024
17:00:33,2024-06-05,Bitcoin,5632,194,3038,73781.24185982272,19707975,19707975,21000000,71256.58358980843,26582612821,1.40432E+12,1420498873,0.9979,1.011,1.0551,1.1246,1.0531,2.6383,17,5,6,June,2024
17:00:53,2024-06-05,Bitcoin,5632,194,3038,73781.24185982272,19707975,19707975,21000000,71246.07078753677,26571127101,1.40412E+12,1413584242,0.9978,1.0109,1.0549,1.1244,1.0529,2.6379,17,5,6,June,2024
17:01:14,2024-06-05,Bitcoin,5632,194,3038,73781.24185982272,19707975,19707975,21000000,71245.55315562722,26570273892,1.40411E+12,1411897944,0.9978,1.0108,1.0549,1.1244,1.0529,2.6379,17,5,6,June,2024
17:01:35,2024-06-05,Bitcoin,5632,194,3038,73781.24185982272,19707975,19707975,21000000,71243.50490592959,26550117315,1.40407E+12,1408940250,0.9978,1.0108,1.0549,1.1244,1.0529,2.6378,17,5,6,June,2024
17:01:55,2024-06-05,Bitcoin,5632,194,3039,73781.24185982272,19707975,19707975,21000000,71251.13091,26536890241,1.40422E+12,1406716967,0.9979,1.0109,1.055,1.1245,1.053,2.6381,17,5,6,June,2024
17:02:16,2024-06-05,Bitcoin,5632,194,3038,73781.24185982272,19707975,19707975,21000000,71251.40412506435,26533360894,1.40422E+12,1410449169,0.9979,1.0109,1.055,1.1245,1.053,2.6381,17,5,6,June,2024
17:02:36,2024-06-05,Bitcoin,5632,194,3039,73781.24185982272,19707975,19707975,21000000,71251.03300054342,26549271608,1.40421E+12,1416327834,0.9979,1.0109,1.055,1.1245,1.053,2.6381,17,5,6,June,2024
17:02:57,2024-06-05,Bitcoin,5632,194,3040,73781.24185982272,19707975,19707975,21000000,71249.07577853324,26549429758,1.40418E+12,1418003315,0.9978,1.0109,1.055,1.1245,1.053,2.638,17,5,6,June,2024
17:03:17,2024-06-05,Bitcoin,5632,194,3040,73781.24185982272,19707975,19707975,21000000,71248.49341725705,26545268841,1.40416E+12,1417589984,0.9978,1.0109,1.055,1.1245,1.053,2.638,17,5,6,June,2024
17:03:38,2024-06-05,Bitcoin,5632,194,3040,73781.24185982272,19707975,19707975,21000000,71249.02381970636,26541890003,1.40417E+12,1415013568,0.9978,1.0109,1.055,1.1245,1.053,2.638,17,5,6,June,2024
17:03:58,2024-06-05,Bitcoin,5632,194,3040,73781.24185982272,19707975,19707975,21000000,71240.88471332446,26541544040,1.40401E+12,1419096887,0.9977,1.0108,1.0549,1.1244,1.0528,2.6377,17,5,6,June,2024
17:04:19,2024-06-05,Bitcoin,5632,194,3040,73781.24185982272,19707975,19707975,21000000,71240.90602234822,26538129646,1.40401E+12,1420969431,0.9977,1.0108,1.0549,1.1244,1.0528,2.6377,17,5,6,June,2024
17:04:45,2024-06-05,Bitcoin,5632,194,3040,73781.24185982272,19707975,19707975,21000000,71238.18783611443,26533043492,1.40396E+12,1428017289,0.9977,1.0107,1.0548,1.1243,1.0528,2.6376,17,5,6,June,2024
17:05:06,2024-06-05,Bitcoin,5632,194,3040,73781.24185982272,19707975,19707975,21000000,71223.75403,26529508903,1.40368E+12,1428988699,0.9975,1.0105,1.0546,1.1241,1.0526,2.6371,17,5,6,June,2024
17:05:27,2024-06-05,Bitcoin,5632,194,3040,73781.24185982272,19707975,19707975,21000000,71223.77531871939,26522177288,1.40368E+12,1427740987,0.9975,1.0105,1.0546,1.1241,1.0526,2.6371,17,5,6,June,2024
17:05:48,2024-06-05,Bitcoin,5632,194,3040,73781.24185982272,19707975,19707975,21000000,71225.65838310245,26527254056,1.40371E+12,1428336758,0.9975,1.0106,1.0546,1.1241,1.0526,2.6372,17,5,6,June,2024
17:06:08,2024-06-05,Bitcoin,5632,194,3040,73781.24185982272,19707975,19707975,21000000,71225.65838310245,26527254056,1.40371E+12,1428336758,0.9975,1.0106,1.0546,1.1241,1.0526,2.6372,17,5,6,June,2024
17:06:29,2024-06-05,Bitcoin,5632,194,3040,73781.24185982272,19707975,19707975,21000000,71224.85637441707,26521360437,1.4037E+12,1427018661,0.9999,1.0111,1.0543,1.123,1.0554,2.6376,17,5,6,June,2024
17:06:51,2024-06-05,Bitcoin,5632,194,3040,73781.24185982272,19707975,19707975,21000000,71199.05597480107,26515961851,1.40319E+12,1424940447,0.9995,1.0107,1.0539,1.1226,1.055,2.6367,17,5,6,June,2024
17:07:12,2024-06-05,Bitcoin,5632,194,3040,73781.24185982272,19707975,19707975,21000000,71198.99823,26511014712,1.40319E+12,1424625296,0.9995,1.0107,1.0539,1.1226,1.055,2.6367,17,5,6,June,2024
17:07:33,2024-06-05,Bitcoin,5632,194,3040,73781.24185982272,19707975,19707975,21000000,71197.89731400576,26530801525,1.40317E+12,1428108031,0.9995,1.0107,1.0539,1.1226,1.055,2.6366,17,5,6,June,2024
17:07:54,2024-06-05,Bitcoin,5632,194,3040,73781.24185982272,19707975,19707975,21000000,71208.57638404609,26534410692,1.40338E+12,1427999942,0.9997,1.0108,1.054,1.1227,1.0551,2.637,17,5,6,June,2024
17:08:14,2024-06-05,Bitcoin,5632,194,3040,73781.24185982272,19707975,19707975,21000000,71208.56095703966,26529040857,1.40338E+12,1425168044,0.9997,1.0108,1.054,1.1227,1.0551,2.637,17,5,6,June,2024
17:08:36,2024-06-05,Bitcoin,5632,194,3040,73781.24185982272,19707975,19707975,21000000,71209.02507531071,26527557995,1.40339E+12,1414986588,0.9997,1.0109,1.054,1.1227,1.0551,2.637,17,5,6,June,2024
17:08:56,2024-06-05,Bitcoin,5632,194,3041,73781.24185982272,19707975,19707975,21000000,71208.71821717001,26527000594,1.40338E+12,1404184128,0.9997,1.0108,1.054,1.1227,1.0551,2.637,17,5,6,June,2024
17:09:17,2024-06-05,Bitcoin,5632,194,3041,73781.24185982272,19707975,19707975,21000000,71207.63465,26522203985,1.40336E+12,1404599112,0.9997,1.0108,1.054,1.1227,1.0551,2.637,17,5,6,June,2024
17:09:41,2024-06-05,Bitcoin,5632,194,3041,73781.24185982272,19707975,19707975,21000000,71211.41123938377,26519316713,1.40343E+12,1405780432,0.9997,1.0109,1.0541,1.1228,1.0552,2.6371,17,5,6,June,2024
17:10:12,2024-06-05,Bitcoin,5632,194,3041,73781.24185982272,19707975,19707975,21000000,71215.19693277421,26515836457,1.40351E+12,1405209656,0.9998,1.0109,1.0541,1.1228,1.0552,2.6373,17,5,6,June,2024
17:10:33,2024-06-05,Bitcoin,5632,194,3041,73781.24185982272,19707975,19707975,21000000,71214.94053091957,26510447233,1.4035E+12,1401811951,0.9998,1.0109,1.0541,1.1228,1.0552,2.6373,17,5,6,June,2024
17:10:54,2024-06-05,Bitcoin,5632,194,3041,73781.24185982272,19707975,19707975,21000000,71218.52662800642,26512365384,1.40357E+12,1400876055,0.9998,1.011,1.0542,1.1229,1.0553,2.6374,17,5,6,June,2024
17:11:14,2024-06-05,Bitcoin,5632,194,3041,73781.24185982272,19707975,19707975,21000000,71218.59099224852,26511617422,1.40357E+12,1399985679,0.9998,1.011,1.0542,1.1229,1.0553,2.6374,17,5,6,June,2024
17:11:35,2024-06-05,Bitcoin,5632,194,3041,73781.24185982272,19707975,19707975,21000000,71218.58741,26508535016,1.40357E+12,1396376879,0.9981,1.011,1.0553,1.1218,1.0579,2.6345,17,5,6,June,2024
17:11:55,2024-06-05,Bitcoin,5632,194,3041,73781.24185982272,19707975,19707975,21000000,71206.15300263245,26508243258,1.40333E+12,1396496811,0.9979,1.0108,1.0551,1.1216,1.0577,2.634,17,5,6,June,2024
17:12:18,2024-06-05,Bitcoin,5632,194,3041,73781.24185982272,19707975,19707975,21000000,71200.09728707405,26498867726,1.40321E+12,1394601919,0.9979,1.0107,1.055,1.1215,1.0576,2.6338,17,5,6,June,2024
17:12:44,2024-06-05,Bitcoin,5632,194,3041,73781.24185982272,19707975,19707975,21000000,71161.56134,26501611502,1.40245E+12,1394450148,0.9973,1.0101,1.0544,1.1209,1.057,2.6323,17,5,6,June,2024
17:13:05,2024-06-05,Bitcoin,5632,194,3041,73781.24185982272,19707975,19707975,21000000,71157.31345142476,26500581026,1.40237E+12,1396098338,0.9973,1.0101,1.0544,1.1208,1.057,2.6322,17,5,6,June,2024
17:13:25,2024-06-05,Bitcoin,5632,194,3041,73781.24185982272,19707975,19707975,21000000,71157.27192964277,26497551653,1.40237E+12,1395907109,0.9973,1.0101,1.0544,1.1208,1.057,2.6322,17,5,6,June,2024
17:13:46,2024-06-05,Bitcoin,5632,194,3041,73781.24185982272,19707975,19707975,21000000,71157.26391822394,26494901320,1.40237E+12,1396071286,0.9973,1.0101,1.0544,1.1208,1.057,2.6322,17,5,6,June,2024
17:14:07,2024-06-05,Bitcoin,5632,194,3041,73781.24185982272,19707975,19707975,21000000,71150.55444595068,26495967675,1.40223E+12,1396790944,0.9972,1.01,1.0543,1.1207,1.0569,2.6319,17,5,6,June,2024
17:14:29,2024-06-05,Bitcoin,5632,194,3041,73781.24185982272,19707975,19707975,21000000,71150.43720514186,26493313088,1.40223E+12,1383655015,0.9972,1.01,1.0543,1.1207,1.0569,2.6319,17,5,6,June,2024
17:14:48,2024-06-05,Bitcoin,5632,194,3041,73781.24185982272,19707975,19707975,21000000,71155.09982793777,26491794572,1.40232E+12,1383952466,0.9972,1.0101,1.0543,1.1208,1.0569,2.6321,17,5,6,June,2024
17:16:19,2024-06-05,Bitcoin,5632,194,3041,73781.24185982272,19707975,19707975,21000000,71173.40889706051,26494624040,1.40268E+12,1383079485,0.9982,1.0102,1.0544,1.1204,1.0587,2.6327,17,5,6,June,2024
17:16:39,2024-06-05,Bitcoin,5632,194,3041,73781.24185982272,19707975,19707975,21000000,71170.52485098536,26495953061,1.40263E+12,1377145189,0.9981,1.0102,1.0543,1.1204,1.0587,2.6326,17,5,6,June,2024
17:17:00,2024-06-05,Bitcoin,5632,194,3041,73781.24185982272,19707975,19707975,21000000,71164.37206776266,26490985737,1.40251E+12,1384255732,0.998,1.0101,1.0542,1.1203,1.0586,2.6324,17,5,6,June,2024
17:17:20,2024-06-05,Bitcoin,5632,194,3041,73781.24185982272,19707975,19707975,21000000,71164.39589,26485981315,1.40251E+12,1386647823,0.998,1.0101,1.0542,1.1203,1.0586,2.6324,17,5,6,June,2024
17:17:45,2024-06-05,Bitcoin,5632,194,3041,73781.24185982272,19707975,19707975,21000000,71158.03786530992,26511881409,1.40238E+12,1378954620,0.998,1.01,1.0541,1.1202,1.0585,2.6322,17,5,6,June,2024
17:18:06,2024-06-05,Bitcoin,5632,194,3041,73781.24185982272,19707975,19707975,21000000,71162.51515251868,26512443300,1.40247E+12,1377281901,0.998,1.01,1.0542,1.1203,1.0586,2.6323,17,5,6,June,2024
17:18:27,2024-06-05,Bitcoin,5632,194,3041,73781.24185982272,19707975,19707975,21000000,71159.76177832576,26507851306,1.40241E+12,1388041462,0.998,1.01,1.0542,1.1202,1.0585,2.6322,17,5,6,June,2024
17:18:48,2024-06-05,Bitcoin,5632,194,3041,73781.24185982272,19707975,19707975,21000000,71156.83030037876,26509177240,1.40236E+12,1397357029,0.9979,1.01,1.0541,1.1202,1.0585,2.6321,17,5,6,June,2024
17:19:10,2024-06-05,Bitcoin,5632,194,3041,73781.24185982272,19707975,19707975,21000000,71157.01879319063,26504428938,1.40236E+12,1397653648,0.9979,1.01,1.0541,1.1202,1.0585,2.6321,17,5,6,June,2024
17:19:31,2024-06-05,Bitcoin,5632,194,3040,73781.24185982272,19707975,19707975,21000000,71156.96014394921,26499190706,1.40236E+12,1402708637,0.9979,1.01,1.0541,1.1202,1.0585,2.6321,17,5,6,June,2024
17:19:52,2024-06-05,Bitcoin,5632,194,3040,73781.24185982272,19707993,19707993,21000000,71159.23539276187,26505477205,1.40241E+12,1397977042,0.998,1.01,1.0542,1.1202,1.0585,2.6322,17,5,6,June,2024
17:20:13,2024-06-05,Bitcoin,5632,194,3040,73781.24185982272,19707993,19707993,21000000,71159.13663804888,26499277670,1.4024E+12,1398965421,0.998,1.01,1.0542,1.1202,1.0585,2.6322,17,5,6,June,2024
17:20:34,2024-06-05,Bitcoin,5632,194,3040,73781.24185982272,19707993,19707993,21000000,71159.13429210686,26495326484,1.4024E+12,1392030226,0.998,1.01,1.0542,1.1202,1.0585,2.6322,17,5,6,June,2024
17:20:54,2024-06-05,Bitcoin,5632,194,3040,73781.24185982272,19707993,19707993,21000000,71186.00770284142,26507815933,1.40293E+12,1392768768,0.9984,1.0104,1.0538,1.1208,1.056,2.6296,17,5,6,June,2024
17:21:15,2024-06-05,Bitcoin,5632,194,3040,73781.24185982272,19707993,19707993,21000000,71186.16885500004,26503441982,1.40294E+12,1390745454,0.9984,1.0104,1.0538,1.1208,1.056,2.6296,17,5,6,June,2024
17:21:35,2024-06-05,Bitcoin,5632,194,3040,73781.24185982272,19707993,19707993,21000000,71187.10056405645,26504190988,1.40295E+12,1393096953,0.9984,1.0104,1.0539,1.1208,1.056,2.6296,17,5,6,June,2024
17:21:56,2024-06-05,Bitcoin,5632,194,3040,73781.24185982272,19707993,19707993,21000000,71186.37532343139,26500664190,1.40294E+12,1392591029,0.9984,1.0104,1.0538,1.1208,1.056,2.6296,17,5,6,June,2024
17:22:16,2024-06-05,Bitcoin,5632,194,3040,73781.24185982272,19707993,19707993,21000000,71186.37530598477,26497988899,1.40294E+12,1385901940,0.9984,1.0104,1.0538,1.1208,1.056,2.6296,17,5,6,June,2024
17:22:37,2024-06-05,Bitcoin,5632,194,3040,73781.24185982272,19707993,19707993,21000000,71185.12131723521,26518466576,1.40292E+12,1378320656,0.9984,1.0104,1.0538,1.1208,1.056,2.6295,17,5,6,June,2024
17:22:58,2024-06-05,Bitcoin,5632,194,3040,73781.24185982272,19707993,19707993,21000000,71175.97645810564,26517262208,1.40274E+12,1378231569,0.9983,1.0102,1.0537,1.1206,1.0559,2.6292,17,5,6,June,2024
17:23:18,2024-06-05,Bitcoin,5632,194,3040,73781.24185982272,19707993,19707993,21000000,71175.97643449498,26511383026,1.40274E+12,1377856080,0.9983,1.0102,1.0537,1.1206,1.0559,2.6292,17,5,6,June,2024
17:23:39,2024-06-05,Bitcoin,5632,194,3040,73781.24185982272,19707993,19707993,21000000,71170.50522917783,26508696252,1.40263E+12,1373252054,0.9982,1.0102,1.0536,1.1206,1.0558,2.629,17,5,6,June,2024
17:23:59,2024-06-05,Bitcoin,5632,194,3040,73781.24185982272,19707993,19707993,21000000,71161.81083639091,26511291861,1.40246E+12,1371584744,0.9981,1.01,1.0535,1.1204,1.0557,2.6287,17,5,6,June,2024
17:24:20,2024-06-05,Bitcoin,5632,194,3040,73781.24185982272,19707993,19707993,21000000,71161.80990671412,26505496796,1.40246E+12,1370607057,0.9981,1.01,1.0535,1.1204,1.0557,2.6287,17,5,6,June,2024
17:24:41,2024-06-05,Bitcoin,5632,194,3040,73781.24185982272,19707993,19707993,21000000,71152.86805677187,26500602725,1.40228E+12,1372729250,0.9979,1.0099,1.0533,1.1203,1.0555,2.6283,17,5,6,June,2024
17:25:03,2024-06-05,Bitcoin,5632,194,3040,73781.24185982272,19707993,19707993,21000000,71112.48962435326,26491255472,1.40148E+12,1378646084,0.9974,1.0093,1.0527,1.1196,1.0549,2.6269,17,5,6,June,2024
23:04:09,2024-06-06,Bitcoin,5634,195,2989,73781.24185982272,19708471,19708471,21000000,70906.781,19583438480,1.39746E+12,1502000784,0.9998,0.996,1.0346,1.1277,1.0375,2.6758,23,6,6,June,2024
23:06:40,2024-06-06,Bitcoin,5634,195,2989,73781.24185982272,19708471,19708471,21000000,70877.61752228733,19560541829,1.39689E+12,1476708656,0.9994,0.9956,1.0341,1.1269,1.0371,2.6763,23,6,6,June,2024
23:07:05,2024-06-06,Bitcoin,5634,195,2989,73781.24185982272,19708471,19708471,21000000,70877.65392301267,19560699518,1.39689E+12,1471507660,0.9994,0.9956,1.0341,1.1269,1.0371,2.6763,23,6,6,June,2024
23:15:20,2024-06-06,Bitcoin,5634,195,2988,73781.24185982272,19708471,19708471,21000000,70854.72271,19566007739,1.39644E+12,1426232865,0.9994,0.9954,1.0339,1.1264,1.0379,2.674,23,6,6,June,2024
23:15:41,2024-06-06,Bitcoin,5634,195,2989,73781.24185982272,19708471,19708471,21000000,70855.86173,19565176732,1.39646E+12,1424406930,0.9999,0.9955,1.034,1.1274,1.0371,2.6773,23,6,6,June,2024
16:10:52,2024-06-07,Bitcoin,5634,195,3040,73781.24185982272,19709134,19709134,21000000,69234.53376415864,28029927915,1.36455E+12,1314236306,1.0017,0.9817,1.0232,1.1124,1.0105,2.6105,16,7,6,June,2024
16:11:13,2024-06-07,Bitcoin,5634,195,3040,73781.24185982272,19709134,19709134,21000000,69234.53376415864,28029927915,1.36455E+12,1314236306,1.0017,0.9817,1.0232,1.1124,1.0105,2.6105,16,7,6,June,2024
16:11:38,2024-06-07,Bitcoin,5634,195,3040,73781.24185982272,19709134,19709134,21000000,69244.07851655505,28027648937,1.36474E+12,1321389382,1.0018,0.9818,1.0233,1.1126,1.0107,2.6108,16,7,6,June,2024
16:11:59,2024-06-07,Bitcoin,5634,195,3040,73781.24185982272,19709134,19709134,21000000,69244.07888733706,28021282326,1.36474E+12,1321826502,1.0018,0.9818,1.0233,1.1126,1.0107,2.6108,16,7,6,June,2024
16:12:24,2024-06-07,Bitcoin,5634,195,3040,73781.24185982272,19709134,19709134,21000000,69234.86610421287,28021978159,1.36456E+12,1326104427,1.0017,0.9817,1.0232,1.1124,1.0105,2.6105,16,7,6,June,2024
16:12:45,2024-06-07,Bitcoin,5634,195,3040,73781.24185982272,19709134,19709134,21000000,69234.65006799826,28014885334,1.36455E+12,1325345600,1.0017,0.9817,1.0232,1.1124,1.0105,2.6105,16,7,6,June,2024
16:13:05,2024-06-07,Bitcoin,5634,195,3040,73781.24185982272,19709134,19709134,21000000,69230.28275681591,28010650045,1.36447E+12,1324195263,1.0016,0.9816,1.0231,1.1124,1.0105,2.6103,16,7,6,June,2024
16:13:30,2024-06-07,Bitcoin,5634,195,3040,73781.24185982272,19709134,19709134,21000000,69224.22414,28006008846,1.36435E+12,1316243832,1.0015,0.9815,1.023,1.1123,1.0104,2.6101,16,7,6,June,2024
16:13:54,2024-06-07,Bitcoin,5634,195,3040,73781.24185982272,19709134,19709134,21000000,69224.26130652396,27998768923,1.36435E+12,1318022783,1.0015,0.9815,1.023,1.1123,1.0104,2.6101,16,7,6,June,2024
16:14:14,2024-06-07,Bitcoin,5634,195,3040,73781.24185982272,19709134,19709134,21000000,69225.57483910247,27997669154,1.36438E+12,1318051477,1.0016,0.9816,1.0231,1.1123,1.0104,2.6102,16,7,6,June,2024
16:14:35,2024-06-07,Bitcoin,5634,195,3040,73781.24185982272,19709134,19709134,21000000,69255.31891674768,28009877542,1.36496E+12,1318588516,1.002,0.982,1.0235,1.1128,1.0108,2.6113,16,7,6,June,2024
16:14:57,2024-06-07,Bitcoin,5634,195,3040,73781.24185982272,19709134,19709134,21000000,69259.76608345406,28004947273,1.36505E+12,1316914582,1.0021,0.9821,1.0236,1.1128,1.0109,2.6114,16,7,6,June,2024
16:15:18,2024-06-07,Bitcoin,5634,195,3040,73781.24185982272,19709134,19709134,21000000,69259.76626772863,28002362967,1.36505E+12,1316971610,1.0021,0.9821,1.0236,1.1128,1.0109,2.6114,16,7,6,June,2024
16:15:40,2024-06-07,Bitcoin,5634,195,3040,73781.24185982272,19709134,19709134,21000000,69254.57002946959,28000645862,1.36495E+12,1316531650,1.002,0.982,1.0235,1.1128,1.0108,2.6112,16,7,6,June,2024
16:16:01,2024-06-07,Bitcoin,5634,195,3040,73781.24185982272,19709134,19709134,21000000,69254.62235,27993951053,1.36495E+12,1325663131,1.0019,0.9822,1.0237,1.1142,1.011,2.6118,16,7,6,June,2024
16:16:21,2024-06-07,Bitcoin,5634,195,3040,73781.24185982272,19709134,19709134,21000000,69258.33242,27992288712,1.36502E+12,1319866444,1.0019,0.9823,1.0238,1.1143,1.011,2.612,16,7,6,June,2024
16:16:42,2024-06-07,Bitcoin,5634,195,3040,73781.24185982272,19709134,19709134,21000000,69258.33242,27992288712,1.36502E+12,1319866444,1.0019,0.9823,1.0238,1.1143,1.011,2.612,16,7,6,June,2024
16:17:03,2024-06-07,Bitcoin,5634,195,3040,73781.24185982272,19709134,19709134,21000000,69255.35886,27989195288,1.36496E+12,1310446359,1.0019,0.9822,1.0237,1.1142,1.011,2.6119,16,7,6,June,2024
16:17:24,2024-06-07,Bitcoin,5634,195,3040,73781.24185982272,19709134,19709134,21000000,69222.91051754859,27965494220,1.36432E+12,1310125256,1.0014,0.9818,1.0232,1.1137,1.0105,2.6106,16,7,6,June,2024
16:17:44,2024-06-07,Bitcoin,5634,195,3041,73781.24185982272,19709134,19709134,21000000,69222.23769814131,27964327621,1.36431E+12,1315924729,1.0014,0.9817,1.0232,1.1137,1.0105,2.6106,16,7,6,June,2024
16:18:06,2024-06-07,Bitcoin,5634,195,3041,73781.24185982272,19709134,19709134,21000000,69222.23782,27957804118,1.36431E+12,1312549269,1.0014,0.9817,1.0232,1.1137,1.0105,2.6106,16,7,6,June,2024
16:18:27,2024-06-07,Bitcoin,5634,195,3041,73781.24185982272,19709134,19709134,21000000,69230.60683498018,27955242964,1.36448E+12,1311680165,1.0015,0.9819,1.0234,1.1139,1.0106,2.6109,16,7,6,June,2024
16:18:47,2024-06-07,Bitcoin,5634,195,3041,73781.24185982272,19709134,19709134,21000000,69235.26389013007,27955261177,1.36457E+12,1314507157,1.0016,0.9819,1.0234,1.1139,1.0107,2.6111,16,7,6,June,2024
16:19:10,2024-06-07,Bitcoin,5634,195,3041,73781.24185982272,19709134,19709134,21000000,69237.60806973805,27973847179,1.36461E+12,1312409335,1.0016,0.982,1.0235,1.114,1.0107,2.6112,16,7,6,June,2024
16:19:32,2024-06-07,Bitcoin,5634,195,3041,73781.24185982272,19709134,19709134,21000000,69256.06900568822,27981956850,1.36498E+12,1308652297,1.0019,0.9822,1.0237,1.1143,1.011,2.6119,16,7,6,June,2024
16:19:53,2024-06-07,Bitcoin,5634,195,3042,73781.24185982272,19709134,19709134,21000000,69259.45557292741,27975818254,1.36504E+12,1298121045,1.002,0.9823,1.0238,1.1143,1.011,2.612,16,7,6,June,2024
16:20:14,2024-06-07,Bitcoin,5634,195,3042,73781.24185982272,19709134,19709134,21000000,69266.66327861375,27975368372,1.36519E+12,1292486450,1.0021,0.9824,1.0239,1.1144,1.0111,2.6123,16,7,6,June,2024
16:20:34,2024-06-07,Bitcoin,5634,195,3042,73781.24185982272,19709134,19709134,21000000,69266.66327861375,27975368372,1.36519E+12,1292486450,1.0021,0.9824,1.0239,1.1144,1.0111,2.6123,16,7,6,June,2024
16:20:55,2024-06-07,Bitcoin,5634,195,3042,73781.24185982272,19709134,19709134,21000000,69266.68106186847,27967221136,1.36519E+12,1300036079,1.001,0.9807,1.0238,1.1167,1.011,2.6114,16,7,6,June,2024
16:21:17,2024-06-07,Bitcoin,5634,195,3042,73781.24185982272,19709134,19709134,21000000,69266.58581,27963265080,1.36518E+12,1299638582,1.001,0.9807,1.0238,1.1167,1.011,2.6114,16,7,6,June,2024
16:21:36,2024-06-07,Bitcoin,5634,195,3042,73781.24185982272,19709134,19709134,21000000,69274.36546,27963089575,1.36534E+12,1299263356,1.0012,0.9808,1.0239,1.1168,1.0111,2.6117,16,7,6,June,2024
16:22:01,2024-06-07,Bitcoin,5634,195,3042,73781.24185982272,19709134,19709134,21000000,69276.29614,27956573488,1.36538E+12,1305339094,1.0012,0.9809,1.0239,1.1168,1.0111,2.6117,16,7,6,June,2024
16:22:22,2024-06-07,Bitcoin,5634,195,3042,73781.24185982272,19709134,19709134,21000000,69278.68362080368,27955053380,1.36542E+12,1306667714,1.0012,0.9809,1.024,1.1169,1.0112,2.6118,16,7,6,June,2024
16:22:42,2024-06-07,Bitcoin,5634,195,3042,73781.24185982272,19709134,19709134,21000000,69287.80617666263,27954850462,1.3656E+12,1308471092,1.0013,0.981,1.0241,1.117,1.0113,2.6122,16,7,6,June,2024
16:23:06,2024-06-07,Bitcoin,5634,195,3042,73781.24185982272,19709134,19709134,21000000,69291.03549,27954381318,1.36567E+12,1313261044,1.0014,0.9811,1.0242,1.1171,1.0114,2.6123,16,7,6,June,2024
16:23:27,2024-06-07,Bitcoin,5634,195,3042,73781.24185982272,19709134,19709134,21000000,69311.60771824514,27963332996,1.36607E+12,1314069611,1.0017,0.9814,1.0245,1.1174,1.0117,2.6131,16,7,6,June,2024
16:23:51,2024-06-07,Bitcoin,5634,195,3042,73781.24185982272,19709134,19709134,21000000,69314.99141929807,27962595749,1.36614E+12,1294007715,1.0017,0.9814,1.0245,1.1175,1.0117,2.6132,16,7,6,June,2024
16:24:15,2024-06-07,Bitcoin,5634,195,3042,73781.24185982272,19709134,19709134,21000000,69339.50635217298,27988127567,1.36662E+12,1293163412,1.0021,0.9818,1.0249,1.1178,1.0121,2.6141,16,7,6,June,2024
16:24:35,2024-06-07,Bitcoin,5634,195,3042,73781.24185982272,19709134,19709134,21000000,69335.45978536266,27985082557,1.36654E+12,1287439519,1.002,0.9817,1.0248,1.1178,1.012,2.614,16,7,6,June,2024
16:24:56,2024-06-07,Bitcoin,5634,195,3042,73781.24185982272,19709134,19709134,21000000,69330.85959929187,27989043426,1.36645E+12,1305870240,1.002,0.9816,1.0247,1.1177,1.0119,2.6138,16,7,6,June,2024
16:25:16,2024-06-07,Bitcoin,5634,195,3042,73781.24185982272,19709134,19709134,21000000,69330.83460751755,27988356503,1.36645E+12,1314750778,1.002,0.9816,1.0247,1.1177,1.0119,2.6138,16,7,6,June,2024
16:25:37,2024-06-07,Bitcoin,5634,195,3042,73781.24185982272,19709134,19709134,21000000,69251.43567825608,27959403389,1.36489E+12,1315227370,1.0008,0.9805,1.0236,1.1164,1.0108,2.6108,16,7,6,June,2024
16:25:57,2024-06-07,Bitcoin,5634,195,3042,73781.24185982272,19709134,19709134,21000000,69245.20900233302,27960566653,1.36476E+12,1313909402,1.0007,0.9804,1.0235,1.1163,1.0107,2.6106,16,7,6,June,2024
16:26:18,2024-06-07,Bitcoin,5634,195,3042,73781.24185982272,19709134,19709134,21000000,69242.69398563035,27964173449,1.36471E+12,1314176198,1.0017,0.9799,1.0235,1.1194,1.0104,2.6057,16,7,6,June,2024
16:26:39,2024-06-07,Bitcoin,5634,195,3042,73781.24185982272,19709134,19709134,21000000,69233.37144204897,27962268118,1.36453E+12,1312505233,1.0015,0.9797,1.0233,1.1193,1.0103,2.6054,16,7,6,June,2024
16:26:59,2024-06-07,Bitcoin,5634,195,3042,73781.24185982272,19709134,19709134,21000000,69227.76667120741,27964897402,1.36442E+12,1315456235,1.0015,0.9796,1.0233,1.1192,1.0102,2.6052,16,7,6,June,2024
16:27:20,2024-06-07,Bitcoin,5634,195,3042,73781.24185982272,19709134,19709134,21000000,69227.22185741641,27966583138,1.36441E+12,1315659741,1.0014,0.9796,1.0233,1.1192,1.0102,2.6051,16,7,6,June,2024
16:27:40,2024-06-07,Bitcoin,5634,195,3042,73781.24185982272,19709134,19709134,21000000,69203.45098409786,27960370413,1.36394E+12,1316551981,1.0011,0.9793,1.0229,1.1188,1.0099,2.6042,16,7,6,June,2024
16:28:01,2024-06-07,Bitcoin,5634,195,3042,73781.24185982272,19709134,19709134,21000000,69202.71808271097,27957575157,1.36393E+12,1316166717,1.0011,0.9793,1.0229,1.1188,1.0099,2.6042,16,7,6,June,2024
16:28:21,2024-06-07,Bitcoin,5634,195,3042,73781.24185982272,19709134,19709134,21000000,69202.71808271097,27957575157,1.36393E+12,1316166717,1.0011,0.9793,1.0229,1.1188,1.0099,2.6042,16,7,6,June,2024
16:28:42,2024-06-07,Bitcoin,5634,195,3043,73781.24185982272,19709134,19709134,21000000,69204.01827759057,27946010629,1.36395E+12,1313063873,1.0011,0.9793,1.0229,1.1188,1.0099,2.6043,16,7,6,June,2024
16:29:03,2024-06-07,Bitcoin,5634,195,3043,73781.24185982272,19709134,19709134,21000000,69209.25040834236,27957378247,1.36405E+12,1340122239,1.0012,0.9794,1.023,1.1189,1.01,2.6045,16,7,6,June,2024
16:29:24,2024-06-07,Bitcoin,5634,195,3043,73781.24185982272,19709134,19709134,21000000,69212.65281992398,27965790019,1.36412E+12,1317315424,1.0012,0.9794,1.023,1.1189,1.01,2.6046,16,7,6,June,2024
16:29:44,2024-06-07,Bitcoin,5634,195,3043,73781.24185982272,19709134,19709134,21000000,69213.16655,28008273655,1.36413E+12,1341364486,1.0012,0.9794,1.023,1.1189,1.01,2.6046,16,7,6,June,2024
16:30:07,2024-06-07,Bitcoin,5634,195,3043,73781.24185982272,19709134,19709134,21000000,69216.53096,28017702069,1.3642E+12,1343980662,1.0013,0.9795,1.0231,1.119,1.0101,2.6047,16,7,6,June,2024
16:30:28,2024-06-07,Bitcoin,5634,195,3043,73781.24185982272,19709134,19709134,21000000,69215.70484675387,28016096682,1.36418E+12,1321276900,1.0013,0.9795,1.0231,1.119,1.01,2.6047,16,7,6,June,2024
16:30:49,2024-06-07,Bitcoin,5634,195,3043,73781.24185982272,19709134,19709134,21000000,69216.55850363233,28014457441,1.3642E+12,1324180852,0.9991,0.9799,1.023,1.1192,1.01,2.6043,16,7,6,June,2024
16:31:28,2024-06-07,Bitcoin,5634,195,3043,73781.24185982272,19709134,19709134,21000000,69242.41747636598,28085728779,1.36471E+12,1334202315,0.9994,0.9802,1.0234,1.1196,1.0104,2.6053,16,7,6,June,2024
16:31:49,2024-06-07,Bitcoin,5634,195,3043,73781.24185982272,19709134,19709134,21000000,69243.31727,28083777799,1.36473E+12,1333755783,0.9995,0.9803,1.0234,1.1196,1.0104,2.6053,16,7,6,June,2024
16:32:14,2024-06-07,Bitcoin,5634,195,3043,73781.24185982272,19709134,19709134,21000000,69224.65502051252,28083645825,1.36436E+12,1336708930,0.9992,0.98,1.0232,1.1193,1.0101,2.6046,16,7,6,June,2024
16:32:34,2024-06-07,Bitcoin,5634,195,3043,73781.24185982272,19709134,19709134,21000000,69224.43702442716,28079146373,1.36435E+12,1337866983,0.9992,0.98,1.0232,1.1193,1.0101,2.6046,16,7,6,June,2024
16:32:55,2024-06-07,Bitcoin,5634,195,3043,73781.24185982272,19709134,19709134,21000000,69225.35292294237,28081931454,1.36437E+12,1343171428,0.9992,0.98,1.0232,1.1193,1.0101,2.6047,16,7,6,June,2024
16:33:15,2024-06-07,Bitcoin,5634,195,3043,73781.24185982272,19709134,19709134,21000000,69225.07714804176,28079499085,1.36437E+12,1337079241,0.9992,0.98,1.0232,1.1193,1.0101,2.6047,16,7,6,June,2024
16:33:36,2024-06-07,Bitcoin,5634,195,3043,73781.24185982272,19709134,19709134,21000000,69222.34670356424,28073528957,1.36431E+12,1313266979,0.9991,0.98,1.0231,1.1193,1.0101,2.6046,16,7,6,June,2024
16:33:56,2024-06-07,Bitcoin,5634,195,3043,73781.24185982272,19709134,19709134,21000000,69225.10723887988,28071780710,1.36437E+12,1312974156,0.9992,0.98,1.0232,1.1193,1.0101,2.6047,16,7,6,June,2024
16:34:27,2024-06-07,Bitcoin,5634,195,3043,73781.24185982272,19709134,19709134,21000000,69262.59832329742,28091005518,1.36511E+12,1333506250,0.9997,0.9805,1.0237,1.1199,1.0107,2.6061,16,7,6,June,2024
16:34:47,2024-06-07,Bitcoin,5634,195,3043,73781.24185982272,19709134,19709134,21000000,69264.05401643956,28086531151,1.36513E+12,1324235299,0.9998,0.9805,1.0237,1.1199,1.0107,2.6061,16,7,6,June,2024
16:35:08,2024-06-07,Bitcoin,5634,195,3043,73781.24185982272,19709134,19709134,21000000,69270.56865,28092647198,1.36526E+12,1325457562,0.9998,0.9806,1.0238,1.1201,1.0108,2.6064,16,7,6,June,2024
16:35:29,2024-06-07,Bitcoin,5634,195,3043,73781.24185982272,19709134,19709134,21000000,69319.2908,28112008368,1.36622E+12,1332955956,1.0005,0.9813,1.0246,1.1208,1.0115,2.6082,16,7,6,June,2024
16:35:53,2024-06-07,Bitcoin,5634,195,3043,73781.24185982272,19709134,19709134,21000000,69325.26400580388,28107521240,1.36634E+12,1347763731,1.0006,0.9814,1.0246,1.1209,1.0116,2.6084,16,7,6,June,2024
16:36:14,2024-06-07,Bitcoin,5634,195,3043,73781.24185982272,19709134,19709134,21000000,69329.07472716105,28140204147,1.36642E+12,1343773817,1.0007,0.9815,1.0247,1.121,1.0117,2.6086,16,7,6,June,2024
16:36:34,2024-06-07,Bitcoin,5634,195,3043,73781.24185982272,19709134,19709134,21000000,69329.69015000135,28136239807,1.36643E+12,1342491290,0.999,0.9805,1.0243,1.1223,1.0119,2.6088,16,7,6,June,2024
16:36:55,2024-06-07,Bitcoin,5634,195,3043,73781.24185982272,19709134,19709134,21000000,69334.60251353793,28137883596,1.36652E+12,1342399980,0.999,0.9806,1.0244,1.1224,1.012,2.609,16,7,6,June,2024
16:37:17,2024-06-07,Bitcoin,5634,195,3043,73781.24185982272,19709134,19709134,21000000,69336.68209035712,28139356907,1.36657E+12,1345064612,0.9991,0.9806,1.0244,1.1224,1.012,2.6091,16,7,6,June,2024
16:37:43,2024-06-07,Bitcoin,5634,195,3043,73781.24185982272,19709134,19709134,21000000,69336.92396,28133621180,1.36657E+12,1350150570,0.9991,0.9806,1.0244,1.1224,1.012,2.6091,16,7,6,June,2024
16:38:03,2024-06-07,Bitcoin,5634,195,3043,73781.24185982272,19709134,19709134,21000000,69336.92396,28133621180,1.36657E+12,1350150570,0.9991,0.9806,1.0244,1.1224,1.012,2.6091,16,7,6,June,2024
16:38:25,2024-06-07,Bitcoin,5634,195,3043,73781.24185982272,19709134,19709134,21000000,69339.78277,28135110653,1.36663E+12,1351984529,0.9991,0.9807,1.0245,1.1225,1.0121,2.6092,16,7,6,June,2024
16:38:45,2024-06-07,Bitcoin,5634,195,3043,73781.24185982272,19709134,19709134,21000000,69342.37971544851,28132734912,1.36668E+12,1340549140,0.9992,0.9807,1.0245,1.1225,1.0121,2.6093,16,7,6,June,2024
16:39:06,2024-06-07,Bitcoin,5634,195,3043,73781.24185982272,19709134,19709134,21000000,69348.55267880781,28136547043,1.3668E+12,1340786018,0.9992,0.9808,1.0246,1.1226,1.0122,2.6096,16,7,6,June,2024
16:39:27,2024-06-07,Bitcoin,5634,195,3043,73781.24185982272,19709134,19709134,21000000,69364.78669,28149641945,1.36712E+12,1338244757,0.9995,0.981,1.0248,1.1229,1.0124,2.6102,16,7,6,June,2024
16:39:47,2024-06-07,Bitcoin,5634,195,3043,73781.24185982272,19709134,19709134,21000000,69364.64543738187,28147786743,1.36712E+12,1312859791,0.9995,0.981,1.0248,1.1229,1.0124,2.6102,16,7,6,June,2024
16:40:10,2024-06-07,Bitcoin,5634,195,3043,73781.24185982272,19709134,19709134,21000000,69371.33481,28150992542,1.36725E+12,1312523290,0.9996,0.9811,1.0249,1.123,1.0125,2.6104,16,7,6,June,2024
16:40:31,2024-06-07,Bitcoin,5634,195,3043,73781.24185982272,19709134,19709134,21000000,69377.87317,28158095934,1.36738E+12,1346082210,0.9997,0.9812,1.025,1.1231,1.0126,2.6107,16,7,6,June,2024
16:40:52,2024-06-07,Bitcoin,5634,195,3043,73781.24185982272,19709134,19709134,21000000,69369.54407356917,28153021620,1.36721E+12,1343493973,0.999,0.9808,1.025,1.1234,1.0118,2.6093,16,7,6,June,2024
16:41:14,2024-06-07,Bitcoin,5634,195,3043,73781.24185982272,19709134,19709134,21000000,69371.47987017896,28152076725,1.36725E+12,1343742545,0.999,0.9809,1.0251,1.1234,1.0118,2.6094,16,7,6,June,2024
16:41:35,2024-06-07,Bitcoin,5634,195,3043,73781.24185982272,19709134,19709134,21000000,69371.22240095864,28184829059,1.36725E+12,1345733648,0.999,0.9809,1.0251,1.1234,1.0118,2.6094,16,7,6,June,2024
16:41:57,2024-06-07,Bitcoin,5634,195,3043,73781.24185982272,19709134,19709134,21000000,69370.07904988296,28195071755,1.36722E+12,1344992883,0.999,0.9808,1.025,1.1234,1.0118,2.6094,16,7,6,June,2024
16:42:17,2024-06-07,Bitcoin,5634,195,3043,73781.24185982272,19709134,19709134,21000000,69370.07904691265,28192500868,1.36722E+12,1344133058,0.999,0.9808,1.025,1.1234,1.0118,2.6094,16,7,6,June,2024
16:42:38,2024-06-07,Bitcoin,5634,195,3043,73781.24185982272,19709134,19709134,21000000,69341.55003205748,28187866352,1.36666E+12,1339446475,0.9986,0.9804,1.0246,1.1229,1.0114,2.6083,16,7,6,June,2024
16:42:59,2024-06-07,Bitcoin,5634,195,3043,73781.24185982272,19709134,19709134,21000000,69346.52738,28184284893,1.36676E+12,1324197713,0.9987,0.9805,1.0247,1.123,1.0114,2.6085,16,7,6,June,2024
16:43:23,2024-06-07,Bitcoin,5634,195,3043,73781.24185982272,19709134,19709134,21000000,69369.51877018243,28192759516,1.36721E+12,1326379060,0.999,0.9808,1.025,1.1234,1.0118,2.6093,16,7,6,June,2024
16:43:44,2024-06-07,Bitcoin,5634,195,3043,73781.24185982272,19709134,19709134,21000000,69370.30929504096,28190247688,1.36723E+12,1332462050,0.999,0.9809,1.025,1.1234,1.0118,2.6094,16,7,6,June,2024
16:44:04,2024-06-07,Bitcoin,5634,195,3043,73781.24185982272,19709134,19709134,21000000,69370.58307031973,28188094561,1.36723E+12,1331250257,0.999,0.9809,1.0251,1.1234,1.0118,2.6094,16,7,6,June,2024
16:44:26,2024-06-07,Bitcoin,5634,195,3043,73781.24185982272,19709134,19709134,21000000,69379.68227000501,28191164032,1.36741E+12,1335978337,0.9991,0.981,1.0252,1.1235,1.0119,2.6097,16,7,6,June,2024
16:44:46,2024-06-07,Bitcoin,5634,195,3043,73781.24185982272,19709134,19709134,21000000,69384.28782401708,28189892409,1.3675E+12,1338254283,0.9992,0.981,1.0253,1.1236,1.012,2.6099,16,7,6,June,2024
16:45:13,2024-06-07,Bitcoin,5634,195,3043,73781.24185982272,19709134,19709134,21000000,69384.54299362605,28186620735,1.36751E+12,1337976191,0.9992,0.9811,1.0253,1.1236,1.012,2.6099,16,7,6,June,2024
16:45:34,2024-06-07,Bitcoin,5634,195,3043,73781.24185982272,19709134,19709134,21000000,69384.13212,28188055781,1.3675E+12,1338344005,0.9992,0.981,1.0253,1.1236,1.012,2.6099,16,7,6,June,2024
16:45:55,2024-06-07,Bitcoin,5634,195,3043,73781.24185982272,19709134,19709134,21000000,69384.15259,28184412628,1.3675E+12,1331435265,0.9992,0.981,1.0253,1.1236,1.012,2.6099,16,7,6,June,2024
16:46:19,2024-06-07,Bitcoin,5634,195,3043,73781.24185982272,19709134,19709134,21000000,69400.25000842707,28198221566,1.36782E+12,1332469730,0.9986,0.9816,1.0252,1.1233,1.0128,2.6101,16,7,6,June,2024
16:46:39,2024-06-07,Bitcoin,5634,195,3043,73781.24185982272,19709134,19709134,21000000,69401.28903105397,28230533117,1.36784E+12,1333061594,0.9987,0.9817,1.0252,1.1233,1.0128,2.6101,16,7,6,June,2024
16:47:00,2024-06-07,Bitcoin,5634,195,3043,73781.24185982272,19709134,19709134,21000000,69409.01130955778,28236430777,1.36799E+12,1339071013,0.9988,0.9818,1.0253,1.1235,1.0129,2.6104,16,7,6,June,2024
16:47:21,2024-06-07,Bitcoin,5634,195,3043,73781.24185982272,19709134,19709134,21000000,69409.30507430944,28234284003,1.368E+12,1337905287,0.9988,0.9818,1.0253,1.1235,1.0129,2.6104,16,7,6,June,2024
16:47:42,2024-06-07,Bitcoin,5634,195,3043,73781.24185982272,19709134,19709134,21000000,69409.12136716921,28230139696,1.36799E+12,1346517309,0.9988,0.9818,1.0253,1.1235,1.0129,2.6104,16,7,6,June,2024
16:48:05,2024-06-07,Bitcoin,5634,195,3043,73781.24185982272,19709134,19709134,21000000,69411.62568812672,28230346866,1.36804E+12,1346982928,0.9988,0.9818,1.0254,1.1235,1.0129,2.6105,16,7,6,June,2024
16:48:29,2024-06-07,Bitcoin,5634,195,3043,73781.24185982272,19709134,19709134,21000000,69415.92500956095,28233491003,1.36813E+12,1352573379,0.9989,0.9819,1.0254,1.1236,1.013,2.6107,16,7,6,June,2024
16:48:50,2024-06-07,Bitcoin,5634,195,3043,73781.24185982272,19709134,19709134,21000000,69415.92500956095,28233491003,1.36813E+12,1352573379,0.9989,0.9819,1.0254,1.1236,1.013,2.6107,16,7,6,June,2024
16:49:12,2024-06-07,Bitcoin,5634,195,3043,73781.24185982272,19709134,19709134,21000000,69412.40546447899,28228618030,1.36806E+12,1351001686,0.9988,0.9818,1.0254,1.1235,1.0129,2.6105,16,7,6,June,2024
16:49:34,2024-06-07,Bitcoin,5634,195,3043,73781.24185982272,19709134,19709134,21000000,69407.88702,28232395843,1.36797E+12,1350873434,0.9988,0.9818,1.0253,1.1235,1.0129,2.6103,16,7,6,June,2024
16:49:55,2024-06-07,Bitcoin,5634,195,3043,73781.24185982272,19709134,19709134,21000000,69408.60725219236,28230888624,1.36798E+12,1353446721,0.9988,0.9818,1.0253,1.1235,1.0129,2.6104,16,7,6,June,2024
16:50:16,2024-06-07,Bitcoin,5634,195,3043,73781.24185982272,19709134,19709134,21000000,69408.75978301524,28227360152,1.36799E+12,1359350785,0.9988,0.9818,1.0253,1.1235,1.0129,2.6104,16,7,6,June,2024
16:50:37,2024-06-07,Bitcoin,5634,195,3043,73781.24185982272,19709134,19709134,21000000,69399.25628859497,28221549742,1.3678E+12,1358859417,0.9983,0.9812,1.025,1.1246,1.0122,2.6093,16,7,6,June,2024
16:50:58,2024-06-07,Bitcoin,5634,195,3043,73781.24185982272,19709134,19709134,21000000,69401.76219549053,28223982471,1.36785E+12,1355883170,0.9983,0.9813,1.025,1.1246,1.0122,2.6094,16,7,6,June,2024
16:51:19,2024-06-07,Bitcoin,5634,195,3043,73781.24185982272,19709134,19709134,21000000,69400.02269114795,28249413610,1.36781E+12,1351839437,0.9983,0.9812,1.025,1.1246,1.0122,2.6093,16,7,6,June,2024
16:51:42,2024-06-07,Bitcoin,5634,195,3043,73781.24185982272,19709134,19709134,21000000,69399.61323951486,28246023194,1.36781E+12,1340097137,0.9983,0.9812,1.025,1.1246,1.0122,2.6093,16,7,6,June,2024
16:52:08,2024-06-07,Bitcoin,5634,195,3043,73781.24185982272,19709134,19709134,21000000,69398.32128676897,28244382989,1.36778E+12,1341646613,0.9983,0.9812,1.025,1.1246,1.0122,2.6092,16,7,6,June,2024
16:52:29,2024-06-07,Bitcoin,5634,195,3043,73781.24185982272,19709134,19709134,21000000,69382.80990511231,28243879834,1.36748E+12,1343695356,0.998,0.981,1.0247,1.1243,1.012,2.6086,16,7,6,June,2024
16:52:49,2024-06-07,Bitcoin,5634,195,3043,73781.24185982272,19709134,19709134,21000000,69379.68812,28243946206,1.36741E+12,1344119913,0.998,0.9809,1.0247,1.1243,1.0119,2.6085,16,7,6,June,2024
16:53:10,2024-06-07,Bitcoin,5634,195,3043,73781.24185982272,19709134,19709134,21000000,69378.20941050151,28239969828,1.36738E+12,1342454747,0.998,0.9809,1.0247,1.1243,1.0119,2.6085,16,7,6,June,2024
16:53:31,2024-06-07,Bitcoin,5634,195,3043,73781.24185982272,19709134,19709134,21000000,69377.90231485566,28241008792,1.36738E+12,1339913602,0.998,0.9809,1.0247,1.1242,1.0119,2.6085,16,7,6,June,2024
16:53:53,2024-06-07,Bitcoin,5634,195,3043,73781.24185982272,19709134,19709134,21000000,69375.45164304363,28240001032,1.36733E+12,1335830972,0.9979,0.9809,1.0246,1.1242,1.0119,2.6084,16,7,6,June,2024
16:54:18,2024-06-07,Bitcoin,5634,195,3043,73781.24185982272,19709134,19709134,21000000,69373.07016,28237180664,1.36728E+12,1343959932,0.9979,0.9809,1.0246,1.1242,1.0118,2.6083,16,7,6,June,2024
16:54:38,2024-06-07,Bitcoin,5634,195,3043,73781.24185982272,19709134,19709134,21000000,69372.94131000381,28234225863,1.36728E+12,1344107500,0.9979,0.9809,1.0246,1.1242,1.0118,2.6083,16,7,6,June,2024
16:54:59,2024-06-07,Bitcoin,5634,195,3043,73781.24185982272,19709134,19709134,21000000,69376.03584727024,28237668447,1.36734E+12,1343346064,0.9979,0.9809,1.0246,1.1242,1.0119,2.6084,16,7,6,June,2024
16:55:21,2024-06-07,Bitcoin,5634,195,3043,73781.24185982272,19709134,19709134,21000000,69386.51499293436,28239580531,1.36755E+12,1347917493,0.9981,0.981,1.0248,1.1244,1.012,2.6088,16,7,6,June,2024
16:55:41,2024-06-07,Bitcoin,5634,195,3043,73781.24185982272,19709134,19709134,21000000,69386.56281,28238206267,1.36755E+12,1348231939,0.9981,0.981,1.0248,1.1244,1.012,2.6088,16,7,6,June,2024
16:56:02,2024-06-07,Bitcoin,5634,195,3043,73781.24185982272,19709134,19709134,21000000,69386.56281,28238206267,1.36755E+12,1348231939,0.9981,0.981,1.0248,1.1244,1.012,2.6088,16,7,6,June,2024
16:56:22,2024-06-07,Bitcoin,5634,195,3043,73781.24185982272,19709134,19709134,21000000,69399.71975090515,28243395454,1.36781E+12,1340541886,0.9991,0.9813,1.0255,1.1258,1.0124,2.6091,16,7,6,June,2024
16:56:45,2024-06-07,Bitcoin,5634,195,3043,73781.24185982272,19709134,19709134,21000000,69403.36326,28239801613,1.36788E+12,1334668170,0.9992,0.9813,1.0256,1.1259,1.0124,2.6093,16,7,6,June,2024
16:57:05,2024-06-07,Bitcoin,5634,195,3043,73781.24185982272,19709134,19709134,21000000,69405.49257141478,28275082390,1.36792E+12,1334799429,0.9992,0.9813,1.0256,1.1259,1.0125,2.6093,16,7,6,June,2024
16:57:26,2024-06-07,Bitcoin,5634,195,3043,73781.24185982272,19709134,19709134,21000000,69434.21889074636,28289872322,1.36849E+12,1335274967,0.9996,0.9818,1.0261,1.1264,1.0129,2.6104,16,7,6,June,2024
16:57:53,2024-06-07,Bitcoin,5634,195,3043,73781.24185982272,19709134,19709134,21000000,69438.20450167857,28284331425,1.36857E+12,1357002686,0.9997,0.9818,1.0261,1.1265,1.0129,2.6106,16,7,6,June,2024
16:58:14,2024-06-07,Bitcoin,5634,195,3043,73781.24185982272,19709134,19709134,21000000,69452.18484765977,28299370308,1.36884E+12,1342905540,0.9999,0.982,1.0263,1.1267,1.0131,2.6111,16,7,6,June,2024
16:58:35,2024-06-07,Bitcoin,5634,195,3043,73781.24185982272,19709134,19709134,21000000,69452.26234230297,28298586781,1.36884E+12,1343438185,0.9999,0.982,1.0263,1.1267,1.0131,2.6111,16,7,6,June,2024
16:58:59,2024-06-07,Bitcoin,5634,195,3043,73781.24185982272,19709134,19709134,21000000,69450.49869181636,28292310655,1.36881E+12,1338968258,0.9998,0.982,1.0263,1.1267,1.0131,2.611,16,7,6,June,2024
16:59:20,2024-06-07,Bitcoin,5634,195,3043,73781.24185982272,19709134,19709134,21000000,69450.77503732665,28299412124,1.36881E+12,1338500853,0.9998,0.982,1.0263,1.1267,1.0131,2.611,16,7,6,June,2024
16:59:46,2024-06-07,Bitcoin,5634,195,3043,73781.24185982272,19709134,19709134,21000000,69446.30189,28299639747,1.36873E+12,1350150156,0.9998,0.9819,1.0262,1.1266,1.0131,2.6109,16,7,6,June,2024
17:00:08,2024-06-07,Bitcoin,5634,195,3043,73781.24185982272,19709134,19709134,21000000,69447.39687134707,28302746328,1.36875E+12,1350064787,0.9998,0.9819,1.0263,1.1266,1.0131,2.6109,17,7,6,June,2024
17:00:32,2024-06-07,Bitcoin,5634,195,3042,73781.24185982272,19709134,19709134,21000000,69457.70326063171,28311188751,1.36895E+12,1336354624,0.9999,0.9821,1.0264,1.1268,1.0132,2.6113,17,7,6,June,2024
17:00:55,2024-06-07,Bitcoin,5634,195,3042,73781.24185982272,19709134,19709134,21000000,69458.77671922342,28304587796,1.36897E+12,1318766094,0.9999,0.9821,1.0264,1.1268,1.0132,2.6113,17,7,6,June,2024
17:01:15,2024-06-07,Bitcoin,5634,195,3042,73781.24185982272,19709134,19709134,21000000,69468.88318955556,28289910855,1.36917E+12,1312186758,1.0009,0.9816,1.0262,1.1261,1.0134,2.6098,17,7,6,June,2024
17:01:36,2024-06-07,Bitcoin,5634,195,3042,73781.24185982272,19709134,19709134,21000000,69467.78655666093,28275569544,1.36915E+12,1308139019,1.0009,0.9816,1.0262,1.1261,1.0134,2.6097,17,7,6,June,2024
17:02:01,2024-06-07,Bitcoin,5634,195,3042,73781.24185982272,19709134,19709134,21000000,69472.49316031966,28302913661,1.36924E+12,1317346131,1.001,0.9817,1.0262,1.1262,1.0135,2.6099,17,7,6,June,2024
17:02:21,2024-06-07,Bitcoin,5634,195,3042,73781.24185982272,19709134,19709134,21000000,69470.29716446309,28305568342,1.3692E+12,1317931635,1.0009,0.9817,1.0262,1.1262,1.0134,2.6098,17,7,6,June,2024
17:02:46,2024-06-07,Bitcoin,5634,195,3042,73781.24185982272,19709134,19709134,21000000,69470.27852651083,28299420304,1.3692E+12,1315928188,1.0009,0.9817,1.0262,1.1262,1.0134,2.6098,17,7,6,June,2024
17:03:06,2024-06-07,Bitcoin,5634,195,3042,73781.24185982272,19709134,19709134,21000000,69470.73263190327,28295958972,1.36921E+12,1315718311,1.0009,0.9817,1.0262,1.1262,1.0134,2.6098,17,7,6,June,2024
17:03:27,2024-06-07,Bitcoin,5634,195,3042,73781.24185982272,19709134,19709134,21000000,69469.21359605501,28296220211,1.36918E+12,1314850945,1.0009,0.9817,1.0262,1.1261,1.0134,2.6098,17,7,6,June,2024
17:03:47,2024-06-07,Bitcoin,5634,195,3042,73781.24185982272,19709134,19709134,21000000,69467.03037645936,28292375188,1.36914E+12,1313305750,1.0009,0.9816,1.0262,1.1261,1.0134,2.6097,17,7,6,June,2024
17:04:09,2024-06-07,Bitcoin,5634,195,3042,73781.24185982272,19709134,19709134,21000000,69459.31967,28291992030,1.36898E+12,1316337416,1.0008,0.9815,1.026,1.126,1.0133,2.6094,17,7,6,June,2024
17:04:29,2024-06-07,Bitcoin,5634,195,3042,73781.24185982272,19709134,19709134,21000000,69448.60739385411,28291018037,1.36877E+12,1316595740,1.0006,0.9814,1.0259,1.1258,1.0131,2.609,17,7,6,June,2024
17:04:51,2024-06-07,Bitcoin,5634,195,3042,73781.24185982272,19709134,19709134,21000000,69448.66937,28284715415,1.36877E+12,1317845641,1.0006,0.9814,1.0259,1.1258,1.0131,2.609,17,7,6,June,2024
17:05:11,2024-06-07,Bitcoin,5634,195,3042,73781.24185982272,19709134,19709134,21000000,69444.48449,28285028319,1.36869E+12,1317276041,1.0006,0.9813,1.0258,1.1257,1.0131,2.6089,17,7,6,June,2024
17:05:32,2024-06-07,Bitcoin,5634,195,3042,73781.24185982272,19709134,19709134,21000000,69421.31272,28282989149,1.36823E+12,1314104959,1.0012,0.9805,1.0258,1.1251,1.0126,2.608,17,7,6,June,2024
17:05:56,2024-06-07,Bitcoin,5634,195,3042,73781.24185982272,19709134,19709134,21000000,69416.96537427131,28275524999,1.36815E+12,1306934363,1.0012,0.9805,1.0258,1.125,1.0125,2.6078,17,7,6,June,2024
17:06:15,2024-06-07,Bitcoin,5634,195,3042,73781.24185982272,19709134,19709134,21000000,69416.96411628673,28310023171,1.36815E+12,1305959329,1.0012,0.9805,1.0258,1.125,1.0125,2.6078,17,7,6,June,2024
17:06:36,2024-06-07,Bitcoin,5634,195,3042,73781.24185982272,19709134,19709134,21000000,69416.62957755478,28310310675,1.36814E+12,1304170815,1.0012,0.9805,1.0257,1.125,1.0125,2.6078,17,7,6,June,2024
17:06:57,2024-06-07,Bitcoin,5634,195,3042,73781.24185982272,19709134,19709134,21000000,69432.31757696412,28309176397,1.36845E+12,1304816430,1.0014,0.9807,1.026,1.1253,1.0127,2.6084,17,7,6,June,2024
17:07:23,2024-06-07,Bitcoin,5634,195,3042,73781.24185982272,19709134,19709134,21000000,69445.83406540219,28317914870,1.36872E+12,1306669947,1.0016,0.9809,1.0262,1.1255,1.0129,2.6089,17,7,6,June,2024
17:07:43,2024-06-07,Bitcoin,5634,195,3042,73781.24185982272,19709134,19709134,21000000,69446.40522881094,28315852923,1.36873E+12,1307271661,1.0016,0.9809,1.0262,1.1255,1.0129,2.6089,17,7,6,June,2024
17:08:04,2024-06-07,Bitcoin,5634,195,3042,73781.24185982272,19709134,19709134,21000000,69446.08262282592,28307901287,1.36872E+12,1306165733,1.0016,0.9809,1.0262,1.1255,1.0129,2.6089,17,7,6,June,2024
17:08:24,2024-06-07,Bitcoin,5634,195,3042,73781.24185982272,19709134,19709134,21000000,69481.96404,28328409864,1.36943E+12,1345568503,1.0021,0.9814,1.0267,1.1261,1.0134,2.6102,17,7,6,June,2024
17:08:50,2024-06-07,Bitcoin,5634,195,3042,73781.24185982272,19709134,19709134,21000000,69483.89743706721,28323751134,1.36947E+12,1347858667,1.0021,0.9814,1.0267,1.1261,1.0135,2.6103,17,7,6,June,2024
17:09:11,2024-06-07,Bitcoin,5634,195,3042,73781.24185982272,19709134,19709134,21000000,69484.41783814436,28324016268,1.36948E+12,1343403812,1.0021,0.9814,1.0268,1.1261,1.0135,2.6103,17,7,6,June,2024
17:09:31,2024-06-07,Bitcoin,5634,195,3042,73781.24185982272,19709134,19709134,21000000,69498.16865253494,28332279981,1.36975E+12,1333681892,1.0023,0.9816,1.027,1.1263,1.0137,2.6108,17,7,6,June,2024
17:09:52,2024-06-07,Bitcoin,5634,195,3042,73781.24185982272,19709134,19709134,21000000,69510.52893117159,28332958600,1.36999E+12,1336020480,1.0025,0.9818,1.0271,1.1265,1.0139,2.6113,17,7,6,June,2024
17:10:12,2024-06-07,Bitcoin,5634,195,3042,73781.24185982272,19709134,19709134,21000000,69514.91317767267,28334913497,1.37008E+12,1337940418,1.0026,0.9818,1.0272,1.1266,1.0139,2.6115,17,7,6,June,2024
17:10:33,2024-06-07,Bitcoin,5634,195,3042,73781.24185982272,19709134,19709134,21000000,69519.54187740758,28337483075,1.37017E+12,1342235309,1.0026,0.9819,1.0273,1.1267,1.014,2.6116,17,7,6,June,2024
17:10:54,2024-06-07,Bitcoin,5634,195,3042,73781.24185982272,19709134,19709134,21000000,69519.37953,28332549580,1.37017E+12,1342316259,1.0026,0.9819,1.0273,1.1267,1.014,2.6116,17,7,6,June,2024
17:11:14,2024-06-07,Bitcoin,5634,195,3042,73781.24185982272,19709134,19709134,21000000,69523.42633030294,28333662209,1.37025E+12,1352890626,1.0045,0.9828,1.0272,1.1276,1.014,2.6123,17,7,6,June,2024
17:11:35,2024-06-07,Bitcoin,5634,195,3042,73781.24185982272,19709134,19709134,21000000,69523.29059268063,28363869398,1.37024E+12,1352188421,1.0045,0.9828,1.0272,1.1276,1.014,2.6123,17,7,6,June,2024
17:11:58,2024-06-07,Bitcoin,5634,195,3042,73781.24185982272,19709134,19709134,21000000,69523.35235177056,28357036973,1.37025E+12,1349346212,1.0045,0.9828,1.0272,1.1276,1.014,2.6123,17,7,6,June,2024
17:12:18,2024-06-07,Bitcoin,5634,195,3042,73781.24185982272,19709134,19709134,21000000,69524.91308675884,28362095910,1.37028E+12,1345054769,1.0046,0.9828,1.0272,1.1277,1.014,2.6123,17,7,6,June,2024
17:12:39,2024-06-07,Bitcoin,5634,195,3041,73781.24185982272,19709134,19709134,21000000,69527.86046628856,28361860340,1.37033E+12,1347578405,1.0046,0.9829,1.0273,1.1277,1.0141,2.6125,17,7,6,June,2024
17:13:13,2024-06-07,Bitcoin,5634,195,3041,73781.24185982272,19709134,19709134,21000000,69528.85414727527,28358743567,1.37035E+12,1348902998,1.0046,0.9829,1.0273,1.1277,1.0141,2.6125,17,7,6,June,2024
17:13:33,2024-06-07,Bitcoin,5634,195,3041,73781.24185982272,19709134,19709134,21000000,69528.03090775682,28359167787,1.37034E+12,1362180709,1.0046,0.9829,1.0273,1.1277,1.0141,2.6125,17,7,6,June,2024
17:13:54,2024-06-07,Bitcoin,5634,195,3041,73781.24185982272,19709134,19709134,21000000,69512.99358,28352226152,1.37004E+12,1357498331,1.0044,0.9827,1.0271,1.1275,1.0139,2.6119,17,7,6,June,2024
17:14:14,2024-06-07,Bitcoin,5634,195,3041,73781.24185982272,19709134,19709134,21000000,69512.80646974753,28345509165,1.37004E+12,1357580910,1.0044,0.9827,1.0271,1.1275,1.0139,2.6119,17,7,6,June,2024
17:14:35,2024-06-07,Bitcoin,5634,195,3041,73781.24185982272,19709134,19709134,21000000,69512.80646974753,28345509165,1.37004E+12,1357580910,1.0044,0.9827,1.0271,1.1275,1.0139,2.6119,17,7,6,June,2024
17:14:56,2024-06-07,Bitcoin,5634,195,3041,73781.24185982272,19709134,19709134,21000000,69521.05463509639,28341607250,1.3702E+12,1354501665,1.0045,0.9828,1.0272,1.1276,1.014,2.6122,17,7,6,June,2024
17:15:16,2024-06-07,Bitcoin,5634,195,3041,73781.24185982272,19709134,19709134,21000000,69525.94221,28341938990,1.3703E+12,1354843385,1.0046,0.9829,1.0272,1.1277,1.0141,2.6124,17,7,6,June,2024
17:15:37,2024-06-07,Bitcoin,5634,195,3041,73781.24185982272,19709134,19709134,21000000,69543.21346666518,28348367497,1.37064E+12,1354578051,1.0048,0.9831,1.0275,1.128,1.0143,2.613,17,7,6,June,2024
17:15:57,2024-06-07,Bitcoin,5634,195,3041,73781.24185982272,19709134,19709134,21000000,69544.64426501433,28344114284,1.37066E+12,1355580822,1.0041,0.9827,1.0273,1.129,1.0141,2.6115,17,7,6,June,2024
17:16:19,2024-06-07,Bitcoin,5634,195,3041,73781.24185982272,19709134,19709134,21000000,69545.56539026216,28340188291,1.37068E+12,1352994708,1.0041,0.9827,1.0273,1.129,1.0141,2.6116,17,7,6,June,2024
17:16:40,2024-06-07,Bitcoin,5634,195,3041,73781.24185982272,19709134,19709134,21000000,69527.39185355537,28365431376,1.37032E+12,1356084134,1.0038,0.9824,1.0271,1.1287,1.0138,2.6109,17,7,6,June,2024
17:17:00,2024-06-07,Bitcoin,5634,195,3041,73781.24185982272,19709134,19709134,21000000,69526.19169089095,28360206971,1.3703E+12,1357739637,1.0038,0.9824,1.027,1.1287,1.0138,2.6109,17,7,6,June,2024
17:17:21,2024-06-07,Bitcoin,5634,195,3041,73781.24185982272,19709134,19709134,21000000,69526.22418894262,28359318906,1.3703E+12,1357566472,1.0038,0.9824,1.027,1.1287,1.0138,2.6109,17,7,6,June,2024
17:17:46,2024-06-07,Bitcoin,5634,195,3041,73781.24185982272,19709134,19709134,21000000,69522.94422370725,28359103901,1.37024E+12,1357739537,1.0037,0.9824,1.027,1.1286,1.0138,2.6107,17,7,6,June,2024
17:18:07,2024-06-07,Bitcoin,5634,195,3041,73781.24185982272,19709134,19709134,21000000,69522.93918,28355565049,1.37024E+12,1358307427,1.0037,0.9824,1.027,1.1286,1.0138,2.6107,17,7,6,June,2024
17:18:27,2024-06-07,Bitcoin,5634,195,3041,73781.24185982272,19709134,19709134,21000000,69523.24228208076,28355258101,1.37024E+12,1358998658,1.0038,0.9824,1.027,1.1286,1.0138,2.6107,17,7,6,June,2024
17:18:48,2024-06-07,Bitcoin,5634,195,3041,73781.24185982272,19709134,19709134,21000000,69529.98944535856,28355622673,1.37038E+12,1359410796,1.0039,0.9825,1.0271,1.1287,1.0139,2.611,17,7,6,June,2024
17:19:08,2024-06-07,Bitcoin,5634,195,3041,73781.24185982272,19709134,19709134,21000000,69531.61868916621,28357254466,1.37041E+12,1361489411,1.0039,0.9825,1.0271,1.1288,1.0139,2.6111,17,7,6,June,2024
17:19:29,2024-06-07,Bitcoin,5634,195,3041,73781.24185982272,19709134,19709134,21000000,69535.27248065095,28352632846,1.37048E+12,1360222390,1.0039,0.9826,1.0272,1.1288,1.0139,2.6112,17,7,6,June,2024
17:19:49,2024-06-07,Bitcoin,5634,195,3041,73781.24185982272,19709184,19709184,21000000,69552.54579780017,28362846936,1.37082E+12,1359758563,1.0042,0.9828,1.0274,1.1291,1.0142,2.6118,17,7,6,June,2024
17:20:18,2024-06-07,Bitcoin,5634,195,3041,73781.24185982272,19709184,19709184,21000000,69553.00354958151,28359068389,1.37083E+12,1360480662,1.0042,0.9828,1.0274,1.1291,1.0142,2.6119,17,7,6,June,2024
17:20:39,2024-06-07,Bitcoin,5634,195,3041,73781.24185982272,19709184,19709184,21000000,69537.08378,28351229800,1.37052E+12,1359380472,1.004,0.9826,1.0272,1.1288,1.014,2.6113,17,7,6,June,2024
17:20:59,2024-06-07,Bitcoin,5634,195,3041,73781.24185982272,19709184,19709184,21000000,69537.08378,28351229800,1.37052E+12,1359380472,1.004,0.9826,1.0272,1.1288,1.014,2.6113,17,7,6,June,2024
17:21:20,2024-06-07,Bitcoin,5634,195,3041,73781.24185982272,19709184,19709184,21000000,69532.74192,28338734345,1.37043E+12,1356019839,1.0039,0.9815,1.0273,1.129,1.0156,2.6111,17,7,6,June,2024
17:21:40,2024-06-07,Bitcoin,5634,195,3041,73781.24185982272,19709184,19709184,21000000,69501.29523889032,28327307905,1.36981E+12,1363364020,1.0034,0.981,1.0269,1.1285,1.0151,2.6099,17,7,6,June,2024
17:22:02,2024-06-07,Bitcoin,5634,195,3041,73781.24185982272,19709184,19709184,21000000,69485.10636488632,28317019047,1.36949E+12,1359037502,1.0032,0.9808,1.0266,1.1283,1.0149,2.6093,17,7,6,June,2024
17:22:25,2024-06-07,Bitcoin,5634,195,3041,73781.24185982272,19709184,19709184,21000000,69484.68134456876,28316117687,1.36949E+12,1363633665,1.0032,0.9808,1.0266,1.1282,1.0149,2.6093,17,7,6,June,2024
17:22:45,2024-06-07,Bitcoin,5634,195,3041,73781.24185982272,19709184,19709184,21000000,69480.27600819488,28318582696,1.3694E+12,1364209369,1.0031,0.9807,1.0266,1.1282,1.0148,2.6091,17,7,6,June,2024
17:23:08,2024-06-07,Bitcoin,5634,195,3041,73781.24185982272,19709184,19709184,21000000,69485.20263714092,28317437133,1.3695E+12,1355226177,1.0032,0.9808,1.0266,1.1283,1.0149,2.6093,17,7,6,June,2024
17:23:29,2024-06-07,Bitcoin,5634,195,3041,73781.24185982272,19709184,19709184,21000000,69490.12100088986,28316064856,1.36959E+12,1348063812,1.0033,0.9808,1.0267,1.1283,1.015,2.6095,17,7,6,June,2024
17:23:49,2024-06-07,Bitcoin,5634,195,3041,73781.24185982272,19709184,19709184,21000000,69521.07818651319,28331140464,1.3702E+12,1348463062,1.0037,0.9813,1.0272,1.1288,1.0154,2.6106,17,7,6,June,2024
17:24:16,2024-06-07,Bitcoin,5634,195,3041,73781.24185982272,19709184,19709184,21000000,69524.74116,28368249638,1.37028E+12,1346249534,1.0038,0.9813,1.0272,1.1289,1.0155,2.6108,17,7,6,June,2024
17:24:40,2024-06-07,Bitcoin,5634,195,3041,73781.24185982272,19709184,19709184,21000000,69535.78096823607,28371951956,1.37049E+12,1349232213,1.0039,0.9815,1.0274,1.1291,1.0156,2.6112,17,7,6,June,2024
17:25:01,2024-06-07,Bitcoin,5634,195,3041,73781.24185982272,19709184,19709184,21000000,69536.17117832198,28368394046,1.3705E+12,1347717051,1.0039,0.9815,1.0274,1.1291,1.0157,2.6112,17,7,6,June,2024
17:25:24,2024-06-07,Bitcoin,5634,195,3041,73781.24185982272,19709184,19709184,21000000,69543.15021373174,28374485181,1.37064E+12,1346564251,1.003,0.9823,1.028,1.1299,1.0155,2.6145,17,7,6,June,2024
17:25:45,2024-06-07,Bitcoin,5634,195,3041,73781.24185982272,19709184,19709184,21000000,69549.24213128666,28379076465,1.37076E+12,1347932625,1.0031,0.9824,1.0281,1.13,1.0156,2.6147,17,7,6,June,2024
17:26:13,2024-06-07,Bitcoin,5634,195,3041,73781.24185982272,19709184,19709184,21000000,69557.16399167782,28389511738,1.37091E+12,1350503542,1.0032,0.9825,1.0282,1.1302,1.0157,2.615,17,7,6,June,2024
17:26:33,2024-06-07,Bitcoin,5634,195,3041,73781.24185982272,19709184,19709184,21000000,69558.38553498937,28387616927,1.37094E+12,1349743577,1.0032,0.9826,1.0282,1.1302,1.0158,2.615,17,7,6,June,2024
17:26:54,2024-06-07,Bitcoin,5634,195,3041,73781.24185982272,19709184,19709184,21000000,69563.80700793257,28392515193,1.37105E+12,1350955062,1.0033,0.9826,1.0283,1.1303,1.0158,2.6153,17,7,6,June,2024
17:27:14,2024-06-07,Bitcoin,5634,195,3041,73781.24185982272,19709184,19709184,21000000,69564.40561963766,28388134195,1.37106E+12,1350926908,1.0033,0.9826,1.0283,1.1303,1.0158,2.6153,17,7,6,June,2024
17:27:36,2024-06-07,Bitcoin,5634,195,3041,73781.24185982272,19709184,19709184,21000000,69546.75519422095,28384256892,1.37071E+12,1354343142,1.0031,0.9824,1.0281,1.13,1.0156,2.6146,17,7,6,June,2024
17:27:59,2024-06-07,Bitcoin,5634,195,3041,73781.24185982272,19709184,19709184,21000000,69543.78833,28375738627,1.37065E+12,1354125465,1.003,0.9824,1.028,1.1299,1.0155,2.6145,17,7,6,June,2024
17:28:19,2024-06-07,Bitcoin,5634,195,3041,73781.24185982272,19709184,19709184,21000000,69542.29857,28375386889,1.37062E+12,1336404512,1.003,0.9823,1.028,1.1299,1.0155,2.6144,17,7,6,June,2024
17:28:40,2024-06-07,Bitcoin,5634,195,3041,73781.24185982272,19709184,19709184,21000000,69542.39143053406,28373738760,1.37062E+12,1334251138,1.003,0.9823,1.028,1.1299,1.0155,2.6144,17,7,6,June,2024
17:29:02,2024-06-07,Bitcoin,5634,195,3041,73781.24185982272,19709184,19709184,21000000,69552.74177046084,28373706026,1.37083E+12,1337137923,1.0032,0.9825,1.0282,1.1301,1.0157,2.6148,17,7,6,June,2024
17:29:45,2024-06-07,Bitcoin,5634,195,3041,73781.24185982272,19709184,19709184,21000000,69555.17817,28373020270,1.37088E+12,1335032923,1.0032,0.9825,1.0282,1.1301,1.0157,2.6149,17,7,6,June,2024
17:30:55,2024-06-07,Bitcoin,5634,195,3041,73781.24185982272,19709184,19709184,21000000,69558.46067815204,28369706749,1.37094E+12,1335625094,1.0049,0.9829,1.0286,1.1266,1.0163,2.615,17,7,6,June,2024
17:31:16,2024-06-07,Bitcoin,5634,195,3041,73781.24185982272,19709184,19709184,21000000,69553.41058651231,28389317260,1.37084E+12,1324141939,1.0048,0.9829,1.0286,1.1266,1.0162,2.6149,17,7,6,June,2024
17:31:37,2024-06-07,Bitcoin,5634,195,3041,73781.24185982272,19709184,19709184,21000000,69525.22937447162,28375241024,1.37029E+12,1326069400,1.0044,0.9825,1.0282,1.1261,1.0158,2.6138,17,7,6,June,2024
17:31:57,2024-06-07,Bitcoin,5634,195,3041,73781.24185982272,19709184,19709184,21000000,69523.83069721067,28373783596,1.37026E+12,1324846386,1.0044,0.9824,1.0281,1.1261,1.0158,2.6137,17,7,6,June,2024
17:32:18,2024-06-07,Bitcoin,5634,195,3041,73781.24185982272,19709184,19709184,21000000,69520.37061173763,28368752218,1.37019E+12,1340625976,1.0043,0.9824,1.0281,1.126,1.0157,2.6136,17,7,6,June,2024
17:32:39,2024-06-07,Bitcoin,5634,195,3041,73781.24185982272,19709184,19709184,21000000,69518.83617342445,28368522143,1.37016E+12,1340287449,1.0043,0.9824,1.0281,1.126,1.0157,2.6136,17,7,6,June,2024
17:32:59,2024-06-07,Bitcoin,5634,195,3041,73781.24185982272,19709184,19709184,21000000,69520.48143139323,28368950377,1.37019E+12,1342213761,1.0043,0.9824,1.0281,1.126,1.0157,2.6136,17,7,6,June,2024
17:33:25,2024-06-07,Bitcoin,5634,195,3041,73781.24185982272,19709184,19709184,21000000,69521.97297822215,28360595709,1.37022E+12,1342038809,1.0044,0.9824,1.0281,1.126,1.0157,2.6137,17,7,6,June,2024
17:33:45,2024-06-07,Bitcoin,5634,195,3041,73781.24185982272,19709184,19709184,21000000,69538.2077,28367197768,1.37054E+12,1344434067,1.0046,0.9826,1.0284,1.1263,1.016,2.6143,17,7,6,June,2024
17:34:06,2024-06-07,Bitcoin,5634,195,3041,73781.24185982272,19709184,19709184,21000000,69538.20771848677,28364388503,1.37054E+12,1345578769,1.0046,0.9826,1.0284,1.1263,1.016,2.6143,17,7,6,June,2024
17:34:29,2024-06-07,Bitcoin,5634,195,3041,73781.24185982272,19709184,19709184,21000000,69538.95021984246,28359588640,1.37056E+12,1345506147,1.0046,0.9827,1.0284,1.1263,1.016,2.6143,17,7,6,June,2024
17:34:49,2024-06-07,Bitcoin,5634,195,3041,73781.24185982272,19709184,19709184,21000000,69543.37752101819,28362734712,1.37064E+12,1339864743,1.0047,0.9827,1.0284,1.1264,1.016,2.6145,17,7,6,June,2024
17:35:12,2024-06-07,Bitcoin,5634,195,3041,73781.24185982272,19709184,19709184,21000000,69544.55906357821,28359842376,1.37067E+12,1341041241,1.0047,0.9827,1.0284,1.1264,1.0161,2.6145,17,7,6,June,2024
17:35:35,2024-06-07,Bitcoin,5634,195,3041,73781.24185982272,19709184,19709184,21000000,69517.53777056233,28350170202,1.37013E+12,1342882859,1.0043,0.9823,1.028,1.126,1.0157,2.6135,17,7,6,June,2024
17:35:56,2024-06-07,Bitcoin,5634,195,3041,73781.24185982272,19709184,19709184,21000000,69515.80472543267,28348932728,1.3701E+12,1343744998,1.0043,0.9823,1.028,1.1259,1.0156,2.6134,17,7,6,June,2024
17:36:16,2024-06-07,Bitcoin,5634,195,3041,73781.24185982272,19709184,19709184,21000000,69508.38779,28371769719,1.36995E+12,1343137452,1.0034,0.9814,1.0274,1.1263,1.0142,2.6163,17,7,6,June,2024
17:36:37,2024-06-07,Bitcoin,5634,195,3041,73781.24185982272,19709184,19709184,21000000,69505.99572093587,28368348362,1.36991E+12,1342892893,1.0033,0.9814,1.0274,1.1262,1.0142,2.6162,17,7,6,June,2024
17:36:57,2024-06-07,Bitcoin,5634,195,3041,73781.24185982272,19709184,19709184,21000000,69494.11328440809,28363660673,1.36967E+12,1344289762,1.0032,0.9812,1.0272,1.126,1.014,2.6158,17,7,6,June,2024
17:37:19,2024-06-07,Bitcoin,5634,195,3041,73781.24185982272,19709184,19709184,21000000,69492.12860362457,28363288582,1.36963E+12,1340724210,1.0031,0.9812,1.0272,1.126,1.014,2.6157,17,7,6,June,2024
17:37:42,2024-06-07,Bitcoin,5634,195,3041,73781.24185982272,19709184,19709184,21000000,69493.29497647923,28364237023,1.36966E+12,1338261201,1.0032,0.9812,1.0272,1.126,1.014,2.6157,17,7,6,June,2024
17:38:02,2024-06-07,Bitcoin,5634,195,3041,73781.24185982272,19709184,19709184,21000000,69493.22562643311,28359975674,1.36965E+12,1336382075,1.0032,0.9812,1.0272,1.126,1.014,2.6157,17,7,6,June,2024
17:38:23,2024-06-07,Bitcoin,5634,195,3041,73781.24185982272,19709184,19709184,21000000,69489.47637897362,28358456751,1.36958E+12,1339254376,1.0031,0.9812,1.0271,1.126,1.0139,2.6156,17,7,6,June,2024
17:38:44,2024-06-07,Bitcoin,5634,195,3041,73781.24185982272,19709184,19709184,21000000,69476.27169301153,28353138268,1.36932E+12,1346405702,1.0029,0.981,1.0269,1.1258,1.0137,2.6151,17,7,6,June,2024
17:39:04,2024-06-07,Bitcoin,5634,195,3041,73781.24185982272,19709184,19709184,21000000,69474.86417083739,28354629810,1.36929E+12,1345299845,1.0029,0.981,1.0269,1.1257,1.0137,2.615,17,7,6,June,2024
17:39:25,2024-06-07,Bitcoin,5634,195,3041,73781.24185982272,19709184,19709184,21000000,69470.86098225489,28346254291,1.36921E+12,1345058136,1.0028,0.9809,1.0269,1.1257,1.0137,2.6149,17,7,6,June,2024
17:39:45,2024-06-07,Bitcoin,5634,195,3041,73781.24185982272,19709184,19709184,21000000,69470.73114259685,28345429628,1.36921E+12,1344451587,1.0028,0.9809,1.0269,1.1257,1.0137,2.6149,17,7,6,June,2024
17:40:06,2024-06-07,Bitcoin,5634,195,3041,73781.24185982272,19709184,19709184,21000000,69470.73114259685,28345429628,1.36921E+12,1344451587,1.0028,0.9809,1.0269,1.1257,1.0137,2.6149,17,7,6,June,2024
17:40:26,2024-06-07,Bitcoin,5634,195,3041,73781.24185982272,19709184,19709184,21000000,69460.26607735635,28340796244,1.36901E+12,1340721826,1.0027,0.9807,1.0267,1.1255,1.0135,2.6145,17,7,6,June,2024
17:40:47,2024-06-07,Bitcoin,5634,195,3041,73781.24185982272,19709184,19709184,21000000,69474.15696550826,28345339808,1.36928E+12,1336438998,1.0014,0.9811,1.0273,1.1261,1.0135,2.6162,17,7,6,June,2024
17:41:48,2024-06-07,Bitcoin,5634,195,3041,73781.24185982272,19709184,19709184,21000000,69477.72490341884,28373439487,1.36935E+12,1344327008,1.0015,0.9811,1.0274,1.1262,1.0136,2.6164,17,7,6,June,2024
17:42:30,2024-06-07,Bitcoin,5634,195,3041,73781.24185982272,19709184,19709184,21000000,69483.97147843285,28374861580,1.36947E+12,1343521199,1.0016,0.9812,1.0275,1.1263,1.0137,2.6166,17,7,6,June,2024
17:42:50,2024-06-07,Bitcoin,5634,195,3041,73781.24185982272,19709184,19709184,21000000,69488.76614397296,28374568977,1.36957E+12,1343092730,1.0017,0.9813,1.0275,1.1264,1.0138,2.6168,17,7,6,June,2024
17:43:11,2024-06-07,Bitcoin,5634,195,3041,73781.24185982272,19709184,19709184,21000000,69492.45746605327,28375631985,1.36964E+12,1344957063,1.0017,0.9813,1.0276,1.1264,1.0138,2.6169,17,7,6,June,2024
17:43:32,2024-06-07,Bitcoin,5634,195,3041,73781.24185982272,19709184,19709184,21000000,69500.06646622656,28378808882,1.36979E+12,1345511996,1.0018,0.9815,1.0277,1.1265,1.0139,2.6172,17,7,6,June,2024
17:43:56,2024-06-07,Bitcoin,5634,195,3041,73781.24185982272,19709184,19709184,21000000,69499.78458348078,28374952702,1.36978E+12,1346801195,1.0018,0.9815,1.0277,1.1265,1.0139,2.6172,17,7,6,June,2024
17:44:16,2024-06-07,Bitcoin,5634,195,3041,73781.24185982272,19709184,19709184,21000000,69500.21742183407,28375589372,1.36979E+12,1350399488,1.0018,0.9815,1.0277,1.1265,1.0139,2.6172,17,7,6,June,2024
17:44:37,2024-06-07,Bitcoin,5634,195,3041,73781.24185982272,19709184,19709184,21000000,69500.49325136741,28374229633,1.3698E+12,1358544241,1.0018,0.9815,1.0277,1.1266,1.0139,2.6172,17,7,6,June,2024
17:44:57,2024-06-07,Bitcoin,5634,195,3041,73781.24185982272,19709184,19709184,21000000,69496.69785948929,28372638636,1.36972E+12,1359940554,1.0018,0.9814,1.0276,1.1265,1.0139,2.6171,17,7,6,June,2024
17:45:18,2024-06-07,Bitcoin,5634,195,3041,73781.24185982272,19709184,19709184,21000000,69497.21852263273,28377331881,1.36973E+12,1367439842,1.0018,0.9814,1.0277,1.1265,1.0139,2.6171,17,7,6,June,2024
17:45:38,2024-06-07,Bitcoin,5634,195,3041,73781.24185982272,19709184,19709184,21000000,69494.79267286263,28371990721,1.36969E+12,1366570118,1.0017,0.9814,1.0276,1.1265,1.0138,2.617,17,7,6,June,2024
17:45:59,2024-06-07,Bitcoin,5634,195,3041,73781.24185982272,19709184,19709184,21000000,69494.81613301946,28369504352,1.36969E+12,1367345372,1.0015,0.9815,1.0282,1.1258,1.0128,2.6143,17,7,6,June,2024
17:46:19,2024-06-07,Bitcoin,5634,195,3041,73781.24185982272,19709184,19709184,21000000,69492.71346787547,28365450975,1.36964E+12,1367808711,1.0015,0.9815,1.0282,1.1257,1.0128,2.6142,17,7,6,June,2024
17:46:40,2024-06-07,Bitcoin,5634,195,3041,73781.24185982272,19709184,19709184,21000000,69488.37130863933,28390438344,1.36956E+12,1361196680,1.0015,0.9814,1.0281,1.1257,1.0127,2.614,17,7,6,June,2024
17:47:03,2024-06-07,Bitcoin,5634,195,3041,73781.24185982272,19709184,19709184,21000000,69488.46776285474,28385668214,1.36956E+12,1362585888,1.0015,0.9814,1.0281,1.1257,1.0127,2.614,17,7,6,June,2024
17:47:53,2024-06-07,Bitcoin,5634,195,3041,73781.24185982272,19709184,19709184,21000000,69487.98788903595,28392704596,1.36955E+12,1365324363,1.0014,0.9814,1.0281,1.1257,1.0127,2.614,17,7,6,June,2024
17:48:18,2024-06-07,Bitcoin,5634,195,3041,73781.24185982272,19709184,19709184,21000000,69487.47595018847,28390060290,1.36954E+12,1347790874,1.0014,0.9814,1.0281,1.1257,1.0127,2.614,17,7,6,June,2024
17:48:39,2024-06-07,Bitcoin,5634,195,3041,73781.24185982272,19709184,19709184,21000000,69486.00121,28388319703,1.36951E+12,1347118277,1.0014,0.9814,1.0281,1.1256,1.0127,2.6139,17,7,6,June,2024
17:48:59,2024-06-07,Bitcoin,5634,195,3041,73781.24185982272,19709184,19709184,21000000,69485.74228452363,28384253061,1.36951E+12,1334347973,1.0014,0.9814,1.0281,1.1256,1.0127,2.6139,17,7,6,June,2024
17:49:20,2024-06-07,Bitcoin,5634,195,3041,73781.24185982272,19709184,19709184,21000000,69487.29676978459,28384724571,1.36954E+12,1335966947,1.0014,0.9814,1.0281,1.1257,1.0127,2.614,17,7,6,June,2024
17:49:41,2024-06-07,Bitcoin,5634,195,3041,73781.24185982272,19709184,19709184,21000000,69483.40310730883,28383624564,1.36946E+12,1335216384,1.0014,0.9813,1.028,1.1256,1.0127,2.6138,17,7,6,June,2024
17:50:15,2024-06-07,Bitcoin,5634,195,3041,73781.24185982272,19709184,19709184,21000000,69483.22281442022,28381322385,1.36946E+12,1337400454,1.0014,0.9813,1.028,1.1256,1.0127,2.6138,17,7,6,June,2024
17:50:35,2024-06-07,Bitcoin,5634,195,3041,73781.24185982272,19709184,19709184,21000000,69482.11502314471,28381447625,1.36944E+12,1340421119,1.0014,0.9813,1.028,1.1256,1.0127,2.6138,17,7,6,June,2024
17:50:56,2024-06-07,Bitcoin,5634,195,3041,73781.24185982272,19709184,19709184,21000000,69482.03421,28378140753,1.36943E+12,1338124392,1.0014,0.9813,1.028,1.1256,1.0127,2.6138,17,7,6,June,2024
17:51:17,2024-06-07,Bitcoin,5634,195,3041,73781.24185982272,19709184,19709184,21000000,69480.63830798198,28408737515,1.36941E+12,1336248449,1.001,0.981,1.0282,1.1266,1.0126,2.6146,17,7,6,June,2024
17:51:37,2024-06-07,Bitcoin,5634,195,3041,73781.24185982272,19709184,19709184,21000000,69480.49545397595,28402620594,1.3694E+12,1336084013,1.001,0.981,1.0282,1.1266,1.0126,2.6146,17,7,6,June,2024
17:52:17,2024-06-07,Bitcoin,5634,195,3041,73781.24185982272,19709184,19709184,21000000,69459.91732542397,28395384780,1.369E+12,1338480371,1.0007,0.9807,1.0279,1.1262,1.0123,2.6138,17,7,6,June,2024
17:53:09,2024-06-07,Bitcoin,5634,195,3041,73781.24185982272,19709184,19709184,21000000,69455.77169441032,28391042378,1.36892E+12,1345642010,1.0006,0.9806,1.0279,1.1262,1.0122,2.6136,17,7,6,June,2024
17:53:31,2024-06-07,Bitcoin,5634,195,3041,73781.24185982272,19709184,19709184,21000000,69455.87498969703,28393220220,1.36892E+12,1346219892,1.0006,0.9806,1.0279,1.1262,1.0122,2.6136,17,7,6,June,2024
17:53:55,2024-06-07,Bitcoin,5634,195,3041,73781.24185982272,19709184,19709184,21000000,69455.91001,28383266213,1.36892E+12,1343744671,1.0006,0.9806,1.0279,1.1262,1.0122,2.6136,17,7,6,June,2024
17:54:15,2024-06-07,Bitcoin,5634,195,3041,73781.24185982272,19709184,19709184,21000000,69457.14255826497,28386718856,1.36894E+12,1344624397,1.0006,0.9806,1.0279,1.1262,1.0122,2.6137,17,7,6,June,2024
17:54:37,2024-06-07,Bitcoin,5634,195,3041,73781.24185982272,19709184,19709184,21000000,69456.77171573375,28379418803,1.36894E+12,1348626844,1.0006,0.9806,1.0279,1.1262,1.0122,2.6137,17,7,6,June,2024
17:55:01,2024-06-07,Bitcoin,5634,195,3041,73781.24185982272,19709184,19709184,21000000,69448.84515366484,28381913635,1.36878E+12,1348219545,1.0005,0.9805,1.0278,1.126,1.0121,2.6134,17,7,6,June,2024
17:55:21,2024-06-07,Bitcoin,5634,195,3041,73781.24185982272,19709184,19709184,21000000,69447.26846360449,28382008740,1.36875E+12,1348375728,1.0005,0.9805,1.0277,1.126,1.0121,2.6133,17,7,6,June,2024
17:55:44,2024-06-07,Bitcoin,5634,195,3041,73781.24185982272,19709184,19709184,21000000,69447.24995463535,28375951645,1.36875E+12,1350998985,1.001,0.9806,1.027,1.1273,1.0123,2.6141,17,7,6,June,2024
17:56:06,2024-06-07,Bitcoin,5634,195,3041,73781.24185982272,19709184,19709184,21000000,69444.73597659134,28375604829,1.3687E+12,1353098472,1.001,0.9806,1.027,1.1272,1.0123,2.614,17,7,6,June,2024
17:56:31,2024-06-07,Bitcoin,5634,195,3042,73781.24185982272,19709184,19709184,21000000,69443.38366,28401712054,1.36867E+12,1352525435,1.0009,0.9806,1.0269,1.1272,1.0123,2.6139,17,7,6,June,2024
17:56:51,2024-06-07,Bitcoin,5634,195,3042,73781.24185982272,19709184,19709184,21000000,69443.22190146471,28398705930,1.36867E+12,1353806103,1.0009,0.9806,1.0269,1.1272,1.0123,2.6139,17,7,6,June,2024
17:57:12,2024-06-07,Bitcoin,5634,195,3042,73781.24185982272,19709184,19709184,21000000,69436.23735230295,28399015542,1.36853E+12,1352115894,1.0008,0.9805,1.0268,1.1271,1.0122,2.6136,17,7,6,June,2024
17:57:33,2024-06-07,Bitcoin,5634,195,3042,73781.24185982272,19709184,19709184,21000000,69437.00977231294,28401206788,1.36855E+12,1352441093,1.0008,0.9805,1.0269,1.1271,1.0122,2.6137,17,7,6,June,2024
17:57:54,2024-06-07,Bitcoin,5634,195,3042,73781.24185982272,19709184,19709184,21000000,69437.01396178592,28397046213,1.36855E+12,1352257358,1.0008,0.9805,1.0269,1.1271,1.0122,2.6137,17,7,6,June,2024
17:58:14,2024-06-07,Bitcoin,5634,195,3042,73781.24185982272,19709184,19709184,21000000,69438.30311846144,28399955018,1.36857E+12,1351084453,1.0009,0.9805,1.0269,1.1271,1.0122,2.6137,17,7,6,June,2024
17:58:35,2024-06-07,Bitcoin,5634,195,3042,73781.24185982272,19709184,19709184,21000000,69438.44505656639,28398198797,1.36858E+12,1349153202,1.0009,0.9805,1.0269,1.1271,1.0122,2.6137,17,7,6,June,2024
17:58:56,2024-06-07,Bitcoin,5634,195,3042,73781.24185982272,19709184,19709184,21000000,69460.45255857254,28408737621,1.36901E+12,1349175418,1.0012,0.9808,1.0272,1.1275,1.0125,2.6146,17,7,6,June,2024
17:59:17,2024-06-07,Bitcoin,5634,195,3042,73781.24185982272,19709184,19709184,21000000,69463.46232624419,28410783760,1.36907E+12,1349054559,1.0012,0.9809,1.0272,1.1275,1.0126,2.6147,17,7,6,June,2024
17:59:38,2024-06-07,Bitcoin,5634,195,3042,73781.24185982272,19709184,19709184,21000000,69463.46232624419,28410783760,1.36907E+12,1349054559,1.0012,0.9809,1.0272,1.1275,1.0126,2.6147,17,7,6,June,2024
17:59:58,2024-06-07,Bitcoin,5634,195,3042,73781.24185982272,19709184,19709184,21000000,69465.40518120925,28404409098,1.36911E+12,1341930366,1.0013,0.9809,1.0273,1.1276,1.0126,2.6147,17,7,6,June,2024
18:00:19,2024-06-07,Bitcoin,5634,195,3042,73781.24185982272,19709184,19709184,21000000,69464.81314138211,28405748276,1.36909E+12,1339618855,1.0012,0.9809,1.0273,1.1276,1.0126,2.6147,18,7,6,June,2024
18:00:44,2024-06-07,Bitcoin,5634,195,3042,73781.24185982272,19709184,19709184,21000000,69464.70730114006,28400217836,1.36909E+12,1335726133,1.0012,0.9809,1.0273,1.1276,1.0126,2.6147,18,7,6,June,2024
18:01:05,2024-06-07,Bitcoin,5634,195,3042,73781.24185982272,19709184,19709184,21000000,69457.14945567604,28393065025,1.36894E+12,1334012686,1.0001,0.9811,1.0274,1.1279,1.0125,2.6137,18,7,6,June,2024
18:01:26,2024-06-07,Bitcoin,5634,195,3042,73781.24185982272,19709184,19709184,21000000,69447.60524405935,28409961283,1.36876E+12,1308656338,1,0.981,1.0273,1.1277,1.0124,2.6133,18,7,6,June,2024
18:01:46,2024-06-07,Bitcoin,5634,195,3042,73781.24185982272,19709184,19709184,21000000,69447.60524,28404854607,1.36876E+12,1310077709,1,0.981,1.0273,1.1277,1.0124,2.6133,18,7,6,June,2024
18:02:07,2024-06-07,Bitcoin,5634,195,3042,73781.24185982272,19709184,19709184,21000000,69413.55492921577,28376549431,1.36808E+12,1316011338,0.9995,0.9805,1.0268,1.1272,1.0119,2.6121,18,7,6,June,2024
18:02:27,2024-06-07,Bitcoin,5634,195,3042,73781.24185982272,19709184,19709184,21000000,69410.71146680976,28375012578,1.36803E+12,1321773511,0.9994,0.9805,1.0267,1.1271,1.0118,2.612,18,7,6,June,2024
18:02:52,2024-06-07,Bitcoin,5634,195,3042,73781.24185982272,19709184,19709184,21000000,69421.80809408531,28378322453,1.36825E+12,1324381174,0.9996,0.9806,1.0269,1.1273,1.012,2.6124,18,7,6,June,2024
18:03:12,2024-06-07,Bitcoin,5634,195,3042,73781.24185982272,19709184,19709184,21000000,69417.67178,28375400694,1.36817E+12,1324665578,0.9995,0.9806,1.0268,1.1272,1.0119,2.6122,18,7,6,June,2024
